2692 4292
182 343 220 398 at
597 358 636 398 nn
650 357 781 399 emotus

181 492 219 544 10
233 485 385 554 Phalarim,
409 487 553 546 crudelem
577 493 729 564 tyrannum
752 494 783 545 et
804 505 953 544 immanem
973 486 1018 544 vir
1039 485 1141 553 bonus,
1160 503 1205 542 ne

232 576 295 652 ipse
307 576 413 654 frigore
427 577 598 644 conficiatur,
613 578 719 634 vestitu
732 577 853 654 spoliare
867 576 965 653 possit,
980 593 1075 632 nonne
1088 574 1202 631 faciat?
1270 601 1282 619 ο

182 671 217 725 11
234 665 304 722 Haec
318 665 356 722 ad
368 666 553 742 judicandum
568 675 634 724 sunt
647 666 787 724 facillima.
821 666 898 723 Nam
912 665 1018 742 siquid
1032 665 1071 721 ab
1084 664 1204 721 homine

231 755 269 812 sd
283 755 389 815 nullam
404 764 514 832 partem
528 755 599 821 utili,
614 756 743 814 utilitatis
757 764 816 813 tuae
837 773 925 814 causa
937 754 1103 819 detraxeris,
1116 754 1204 810 inhu-

231 863 314 902 mane
336 845 435 902 leceris
457 854 613 921 contraque
634 853 745 903 naturae
768 846 879 922 legem:
900 845 942 902 sin
955 851 1053 902 autem
1066 844 1091 900 is
1104 850 1138 899 tu
1150 843 1201 909 sis,

232 935 280 1011 qui
301 935 420 992 multam
442 934 593 992 utilitatem
606 934 646 992 rei
660 933 782 1012 publica
802 941 889 1010 atque
901 933 1047 990 hominum
1061 931 1201 998 societati,

231 1023 255 1080 si
275 1023 303 1080 in
322 1024 380 1080 vita
400 1041 552 1090 remaneas,
567 1022 668 1080 afferre
688 1023 788 1100 possis,
803 1023 827 1080 si
846 1023 915 1100 quid
934 1023 973 1080 ob
993 1039 1059 1078 eam
1083 1039 1202 1078 causam

181 1116 217 1170 12
232 1113 312 1170 alteri
336 1111 499 1178 detraxeris,
521 1131 578 1169 non
601 1112 637 1169 sit
661 1111 936 1188 reprehendendum
979 1111 1032 1169 Sin
1051 1109 1202 1167 autemid

231 1220 287 1258 uon
301 1201 338 1258 sit
351 1201 414 1277 ejus
428 1200 513 1266 modi,
529 1219 612 1258 suum
634 1199 735 1278 cuique
754 1199 965 1258 incommodum
984 1199 1134 1258 ferendum
1153 1204 1203 1255 est

181 1295 217 1348 la
233 1289 335 1366 potius,
350 1307 436 1366 quam
451 1289 487 1346 de
502 1289 616 1348 alterius
630 1290 787 1348 commodis
806 1289 1025 1347 detrahendum.
1066 1288 1134 1345 Non
1147 1288 1202 1364 igi·

232 1385 281 1436 tur
301 1378 392 1455 magis
414 1385 458 1434 est
480 1385 578 1434 contra
597 1385 730 1436 naturam
742 1379 859 1436 morbus
872 1385 923 1434 aut
936 1384 1050 1454 egestas
1064 1385 1116 1434 aut
1128 1376 1202 1453 quid

231 1467 293 1551 ejus
304 1467 389 1534 modi,
399 1485 485 1545 quam
496 1467 635 1525 detractio
645 1475 732 1544 atque
745 1467 883 1545 appetitio
893 1467 989 1524 alieni:
1004 1466 1056 1523 scd
1071 1485 1201 1524 commu-

231 1557 274 1614 nis
288 1557 415 1615 utilitatis
426 1556 570 1615 derelictio
591 1563 690 1615 contra
709 1565 841 1614 naturam
855 1563 915 1623 est;
934 1562 980 1613 est
992 1555 1068 1612 enim
1082 1555 1200 1633 injusta

181 1650 218 1704 14
233 1647 336 1724 ltaque
348 1647 394 1704 lex
407 1647 470 1724 ipsa
483 1653 602 1712 naturae,
618 1665 684 1723 quae
704 1646 856 1703 utilitatem
878 1646 1025 1702 hominum
1046 1651 1203 1702 conservat

232 1743 262 1793 et
276 1735 406 1802 continet,
422 1735 547 1793 decernit
561 1735 698 1813 proiecto,
712 1743 747 1792 ut
759 1736 797 1793 ab
811 1735 924 1792 homine
941 1734 1024 1792 inerti
1036 1741 1123 1810 atque
1136 1735 1201 1792 inu-

232 1823 274 1882 tili
286 1824 324 1881 ad
338 1824 503 1900 sapientem,
518 1825 634 1891 bonum,
648 1824 753 1881 sortem
765 1824 856 1881 virum
876 1823 1081 1881 transferantur
1100 1842 1146 1880 ras
1159 1823 1202 1880 ad

231 1912 383 1970 vivendum
396 1912 580 1979 necessariam
601 1913 658 1988 qui,
673 1913 698 1969 si
710 1913 852 1979 occiderit,
867 1913 991 1970 multum
1004 1911 1042 1968 de
1055 1911 1202 1970 communi

232 1999 354 2058 utilitate
368 1999 536 2058 detraxerit:
551 2002 637 2058 modo
647 2002 702 2059 hoc
713 2002 753 2058 ita
761 2001 855 2068 iaciat,
864 2008 900 2058 ut
909 2020 945 2058 ne
955 2001 1016 2078 ipse
1029 2001 1066 2057 de
1079 2020 1109 2057 se
1124 2002 1201 2058 bene

232 2087 394 2146 existimaus
408 2107 526 2165 seseque
540 2089 659 2168 diligens
673 2091 747 2148 hauc
758 2109 874 2148 causam
887 2091 994 2148 habeat
1006 2089 1044 2146 ad
1057 2089 1198 2166 iujuriam

181 2181 217 2236 15
232 2177 278 2234 Ita
288 2195 400 2252 semper
413 2177 504 2235 officio
517 2178 661 2258 fungetur,
671 2179 785 2236 utilitati
795 2179 945 2237 consulens
958 2179 1111 2244 hominum,
1122 2179 1199 2246 etei,

180 2271 217 2324 16
232 2284 319 2343 quam
338 2285 417 2342 saepe
438 2285 637 2334 commemoro,
653 2267 788 2326 humanae
802 2268 938 2326 societati
978 2267 1055 2324 Nam
1067 2268 1146 2344 quod
1158 2268 1200 2324 ad

231 2355 376 2413 Phalarim
389 2355 499 2422 attinet,
512 2356 643 2432 perfacile
655 2356 794 2434 judicium
807 2363 858 2414 est.
890 2356 978 2414 Nulla
991 2357 1064 2414 enim
1077 2357 1200 2414 societas

180 2445 218 2505 17
231 2446 312 2504 nobis
326 2463 392 2503 cum
404 2445 539 2522 tyrannis,
548 2453 578 2502 et
589 2446 684 2522 potius
697 2464 810 2502 summa
819 2446 966 2504 distractio
975 2453 1036 2503 est:
1050 2464 1142 2522 neque
1152 2453 1200 2503 est

231 2541 330 2592 contra
349 2541 488 2601 naturam,
503 2534 624 2612 spoliare
645 2553 720 2600 eum,
734 2535 759 2592 si
772 2535 870 2612 possis,
885 2554 971 2612 quem
984 2541 1028 2593 est
1046 2536 1200 2593 honestum

230 2642 346 2682 necare:
368 2631 454 2700 atque
467 2623 522 2680 hoc
536 2641 619 2680 omne
633 2641 725 2701 genus
745 2624 912 2701 pestiferum
928 2632 1015 2701 atque
1028 2624 1147 2701 impium
1160 2644 1200 2681 ex

181 2717 217 2770 18
231 2712 377 2770 hominum
391 2712 591 2770 communitate
602 2711 845 2770 exterminandum
859 2719 911 2770 est.
943 2713 1056 2770 Etenim
1064 2720 1098 2770 ut
1108 2732 1199 2770 mem·

231 2801 283 2860 bra
292 2799 426 2878 quaedam
440 2807 633 2878 amputantur,
643 2801 667 2858 si
677 2808 707 2859 et
717 2801 780 2879 ipsa
792 2800 929 2879 sanguine
939 2807 969 2858 et
981 2808 1127 2878 tamquam
1138 2803 1198 2879 spi-

231 2889 288 2946 ritu
310 2907 406 2947 carere
428 2897 586 2966 coeperunt,
601 2897 632 2947 et
650 2896 754 2947 nocent
774 2890 887 2966 reliquis
908 2890 1037 2967 partibus
1050 2892 1197 2967 corporis:

233 2977 274 3033 sic
288 2977 342 3034 ista
355 2979 383 3034 ln
396 2978 487 3056 figura
500 2979 620 3036 hominis
640 2979 737 3037 feritas
750 2986 781 3037 et
791 2979 951 3036 immanitas
971 2978 1073 3047 beluae,
1088 2997 1106 3036 a
1119 2999 1197 3037 com-

181 3071 218 3124 19
232 3065 310 3122 muni
323 3073 469 3142 tamquam
482 3068 664 3124 humanitatis
678 3087 796 3145 corpore
814 3069 993 3146 segreganda
1006 3075 1058 3126 est.
1099 3069 1197 3146 Hujus

232 3153 342 3230 generis
362 3155 535 3230 quaestiones
557 3162 625 3213 sunt
644 3175 743 3215 omnes
766 3176 819 3226 eae,
840 3157 869 3214 in
888 3158 991 3234 quibus
1010 3176 1046 3215 cx
1066 3164 1198 3235 tempore

232 3241 354 3300 officium
368 3243 533 3320 exquiritur.

258 3420 328 3478 VII.
339 3419 410 3496 Ejus
423 3419 500 3476 modi
513 3420 598 3497 igitur
609 3421 694 3478 oredo
702 3442 749 3480 res
758 3423 917 3482 Panaetium
927 3431 1141 3501 persecuturum
1151 3424 1197 3482 fu·

231 3509 296 3576 isse,
305 3509 358 3567 nisi
371 3509 457 3586 aliqui
470 3527 552 3567 casus
566 3515 617 3566 aut
629 3512 778 3586 occupatio
789 3513 935 3570 consilium
945 3513 1008 3588 ejus
1020 3513 1196 3589 peremisset.

200 3603 218 3656 2
233 3599 283 3656 Ad
294 3617 364 3674 quas
377 3598 453 3676 ipsas
464 3598 682 3657 consultationes
693 3618 729 3656 ex
739 3601 930 3676 superioribus
940 3601 1017 3659 libris
1027 3600 1095 3658 satis
1104 3602 1198 3658 multa

232 3695 379 3764 praecepta
392 3696 466 3757 sunt,
479 3688 580 3764 quibus
595 3688 716 3764 perspici
730 3690 827 3766 possit,
842 3690 910 3767 quid
924 3690 962 3748 sit
974 3697 1091 3767 proptor
1103 3691 1196 3768 turpi·
