2692 4292
187 368 225 422 42
595 383 632 422 nn
655 381 782 422 orrrcrrs

205 517 304 578 litem,
318 529 404 588 quam
424 511 472 568 illa
494 512 605 590 perpeti
625 511 778 570 maluisset.
821 511 895 581 Quae
914 511 1141 588 contemplantes
1154 527 1207 567 ex·
1339 518 1341 613 q

236 601 359 678 pendere
373 602 524 678 oportebit,
536 601 604 678 quid
618 601 739 678 quisque
753 602 859 659 habeat
872 602 931 659 sui:
947 621 1037 678 eaque
1049 598 1205 667 moderari,

235 709 287 747 nec
298 688 369 748 velle
383 690 509 767 experiri,
521 709 607 767 quam
621 709 651 748 se
665 691 756 748 aliena
770 691 898 748 deceant.
940 691 976 748 ld
990 691 1065 748 euim
1079 690 1205 746 maxime

184 783 221 838 10
234 793 376 856 'quemquo
397 779 488 846 decet,
504 780 581 857 quod
602 789 646 837 est
668 781 807 857 cujusque
829 781 951 837 maxime
973 799 1065 838 suum.
1107 778 1204 835 Suum
1338 774 1341 895 1

234 870 354 946 quisque
374 869 460 948 igitur
480 877 579 926 noscat
599 868 752 947 ingenium,
766 887 917 946 aciemque
931 888 961 926 se
975 877 1005 926 et
1019 870 1158 928 bonorum
1171 874 1203 924 et

234 959 365 1016 vitiorum
389 977 504 1016 suorum
525 959 651 1035 judicem
676 959 813 1036 praebeat,
834 977 870 1015 ne
893 958 997 1016 scenici
1020 959 1093 1035 plus,
1113 977 1202 1034 quam

183 1053 218 1106 11
234 1067 294 1115 nos,
316 1047 465 1105 videantur
485 1048 591 1106 habere
614 1047 784 1126 prudentiae.
825 1047 871 1104 llli
892 1048 967 1105 enim
988 1067 1045 1104 non
1066 1047 1200 1124 optimas,

234 1138 285 1196 scd
299 1138 350 1195 sibi
364 1137 671 1194 accommodatissimas
692 1137 803 1195 fabulas
822 1137 938 1215 eligunt.
981 1138 1035 1206 Qui
1048 1156 1118 1194 voce
1134 1137 1202 1193 freti

234 1235 308 1294 sunt,
334 1227 480 1303 Epigonos
504 1226 695 1303 Medumque:
718 1226 766 1303 qui
790 1235 882 1304 gestu,
908 1227 1108 1304 Melanippum,
1130 1227 1200 1302 Oly-

233 1323 440 1374 taemnestram:
463 1335 575 1392 semper
599 1316 738 1393 Rupilius,
764 1335 849 1392 quem
874 1335 929 1394 ego
953 1317 1075 1382 memini,
1097 1315 1200 1372 Antio·
1290 1375 1294 1378 ,

184 1413 219 1465 12
234 1423 319 1483 pam;
340 1423 395 1460 uon
410 1423 486 1482 saepe
501 1407 630 1482 AEsopus
644 1406 775 1484 Ajacem.
816 1406 894 1484 Ergo
912 1406 1011 1463 histrio
1024 1407 1078 1464 hoc
1092 1405 1203 1462 videbit

233 1497 261 1554 in
275 1513 367 1560 scena,
383 1513 440 1551 uon
453 1495 560 1553 videbit
574 1495 686 1571 sapiens
697 1495 740 1552 vir
753 1495 781 1552 iu
794 1495 874 1552 vita?
902 1495 953 1552 Ad
969 1515 1040 1572 quas
1053 1495 1140 1573 igitur
1153 1513 1201 1552 res

234 1584 370 1664 aptissimi
391 1585 546 1651 enimenin
566 1585 599 1642 iis
621 1585 797 1662 potissimum
820 1584 1035 1642 elaborabimus.
1076 1585 1127 1642 Sin
1148 1585 1200 1642 ali-

232 1677 348 1753 quando
370 1675 521 1733 necessitas
543 1693 594 1731 nos
614 1673 650 1730 ad
672 1693 706 1731 ea
726 1673 886 1740 detruserit,
902 1693 967 1750 quae
987 1674 1075 1732 nostri
1095 1673 1203 1752 ingenii

231 1786 289 1846 nou
303 1775 394 1834 eruut,
409 1765 498 1822 omnis
518 1763 682 1822 adhibenda
702 1763 755 1819 erit
774 1780 851 1829 cura,
872 1763 1025 1831 meditatio,
1045 1762 1200 1841 diligentia,

102 1868 117 1898 ι
233 1864 321 1923 ntea,
336 1857 428 1912 sinon
450 1854 560 1920 decore,
576 1861 606 1910 at
626 1872 713 1929 quam
732 1852 846 1908 minime
867 1852 998 1910 indecore
1020 1853 1112 1910 facere
1132 1872 1200 1930 pos-

182 1951 218 2003 13
234 1946 329 2002 simus.
371 1945 433 2002 Nec
454 1951 514 2000 tam
535 1953 579 2001 est
599 1941 771 2008 enitendum,
787 1949 820 1998 ut
840 1941 922 2009 bona,
944 1961 1008 2021 quae
1028 1942 1109 2001 nobis
1130 1942 1203 2000 data

232 2053 289 2092 non
303 2033 368 2100 sint,
384 2051 543 2109 sequamur,
558 2051 645 2110 quarn
659 2039 693 2090 ut
706 2031 774 2089 vitia
786 2030 939 2109 fugiamus.

34 2161 217 2204 A*

272 2212 395 2270 XXXII.
411 2211 456 2268 Ac
468 2210 579 2268 duabus
590 2211 633 2268 his
649 2209 784 2288 personis,
795 2228 868 2286 quas
878 2228 965 2285 supra
975 2209 1041 2278 dixi,
1054 2210 1137 2269 tertia
1147 2210 1200 2268 ad-

231 2302 369 2382 jungitur,
379 2319 465 2378 quam
476 2320 558 2358 casus
567 2301 652 2376 aliqui
662 2307 714 2357 aut
724 2309 839 2376 tempus
846 2299 981 2378 imponit:
996 2307 1098 2377 quarta
1104 2301 1200 2368 etiam,

201 2399 321 2470 tquam
341 2391 481 2449 nobismet
501 2391 555 2468 ipsi
577 2390 685 2468 judicio
704 2397 802 2447 nostro
824 2390 1081 2448 accommodamus.
1122 2389 1201 2447 Nam

232 2501 329 2560 regna,
355 2481 482 2558 imperia,
507 2480 677 2545 nobilitates,
701 2479 832 2548 honores,
856 2480 971 2546 divitiae,
997 2499 1076 2557 opes,
1099 2498 1199 2556 eaque,

233 2593 298 2649 quae
320 2579 386 2630 sunt
406 2572 450 2628 his
470 2569 617 2636 contraria,
632 2568 660 2625 in
679 2587 748 2626 casu
765 2570 828 2637 sita,
843 2569 1018 2646 temporibus
1037 2570 1199 2647 gubernan-

200 2669 218 2720 3
233 2670 288 2720 tur.
323 2661 383 2738 lpsi
397 2668 492 2717 antem
507 2677 606 2737 gerere
616 2677 703 2734 quam
717 2677 923 2736 personam
936 2658 1064 2726 velimus,
1075 2679 1093 2715 a
1103 2666 1201 2716 nostra

232 2753 378 2809 voluntale
400 2749 593 2826 proficiscitur.
636 2750 739 2826 ltaque
753 2767 784 2807 se
802 2749 848 2806 alii
865 2749 902 2806 ad
922 2749 1138 2826 philosophiam,
1153 2749 1199 2806 alii

233 2841 270 2898 ad
282 2841 330 2917 jus
345 2839 432 2906 civile,
448 2838 493 2895 alii
506 2837 543 2894 ad
557 2839 747 2914 eloquentiam
765 2838 928 2916 applicant;
949 2839 1131 2916 ipsarumque
1144 2839 1199 2896 vir-

201 2935 329 2987 4tutum
350 2928 379 2984 iu
400 2927 455 2984 aha
473 2927 543 2984 alius
563 2927 672 2984 mavult
692 2928 838 2986 excellere.
880 2929 1009 2997 Quorum
1022 2948 1090 2986 vero
1104 2935 1200 3005 patres

234 3025 284 3076 aut
298 3016 418 3094 majores
432 3016 526 3093 aliqua
546 3017 634 3094 gloria
653 3017 856 3093 praestiterunt,
870 3017 889 3074 ii
902 3018 1019 3076 student
1032 3019 1200 3097 plerumque

234 3107 335 3165 eodem
356 3105 384 3162 in
407 3125 511 3184 genere
531 3106 622 3164 laudis
643 3107 796 3165 excellere:
823 3115 857 3166 ut
876 3109 910 3178 Q„
932 3108 1052 3175 Mucius,
1068 3109 1102 3166 P.
1114 3108 1156 3174 F..
1171 3109 1200 3165 iu

203 3197 297 3274 bjure
317 3196 407 3262 civili;
434 3195 526 3253 Paulli
549 3196 622 3253 filius
642 3196 796 3256 Africanus
816 3200 844 3257 in
864 3217 895 3256 re
915 3198 1035 3257 militari.
1077 3198 1200 3267 Quidam

234 3295 331 3344 autem
342 3285 378 3342 ad
393 3304 441 3342 eas
455 3285 562 3352 laudes,
574 3304 645 3362 quas
659 3304 677 3341 a
692 3287 819 3362 patribus
834 3296 1014 3366 acceperrmt,
1025 3287 1136 3346 addunt
1150 3287 1199 3344 ali-

235 3395 321 3454 quam
333 3393 429 3432 suam:
451 3381 484 3430 nt
498 3374 543 3431 hic
557 3373 633 3432 idem
643 3375 796 3435 Africanus
806 3373 967 3455 eloquentia
977 3377 1131 3434 cumulavit
1141 3377 1199 3435 bel·

235 3467 318 3524 hcam
337 3464 464 3544 gloriam,
486 3463 564 3540 quod
585 3463 661 3520 idem
684 3465 751 3522 fecit
772 3467 946 3534 Timotheus,
971 3467 1095 3524 Cononis
1117 3467 1199 3534 filius,

235 3557 292 3633 qui,
314 3576 379 3614 cum
400 3554 465 3613 belli
489 3553 574 3612 laude
597 3572 654 3610 non
677 3553 791 3612 inferior
814 3557 923 3624 fuisset,
944 3575 1031 3632 quam
1051 3563 1141 3632 pater,
1162 3556 1201 3614 ad

203 3652 221 3705 6
236 3665 299 3703 eam
312 3646 427 3704 laudem
441 3644 577 3702 dmtnnae
591 3651 620 3702 et
634 3645 740 3723 ingenii
755 3645 876 3722 gloriam
890 3645 1003 3722 adjecit.
1045 3645 1092 3703 Fit
1105 3655 1202 3704 autem

236 3723 380 3792 interdum
406 3741 440 3792 ut
466 3734 600 3802 nonnulli,
629 3735 734 3792 omium
760 3734 915 3792 imitatione
941 3735 1093 3812 majorum,
1116 3755 1201 3794 suum
