2692 4292
202 307 240 388 ‘b
616 325 653 364 nn
668 324 799 365 orrrcns

253 451 338 510 detur
350 452 482 511 habuisse
495 453 649 512 rationem:
672 473 738 530 quae
751 454 871 511 formam
881 460 1007 512 nostram
1021 453 1220 532 reliquamque

252 542 383 619 figuram,
395 543 422 600 in
432 563 490 620 qua
503 551 578 601 esset
592 543 701 622 species
714 543 842 610 honesta,
853 562 917 601 cam
928 544 1021 620 posuit
1031 543 1059 600 in
1070 552 1218 620 promptu,

252 651 317 707 quae
341 641 437 710 partes
461 641 557 691 autem
581 633 706 709 corporis
727 633 764 690 ad
786 641 896 691 uaturae
923 634 1120 691 necessitatem
1140 634 1219 690 datae

252 730 400 798 aspectum
414 731 508 780 essent
523 723 680 780 deformem
695 723 836 780 habitura}
848 731 936 800 atque
949 731 1073 800 turpem,
1088 741 1138 779 eas
1150 742 1218 780 con·

220 815 237 867 4
252 811 322 868 texit
335 818 421 889 atque
435 811 552 870 abdidit.
594 812 677 870 Hanc
693 822 803 868 naturae
821 819 881 870 tam
894 812 1059 890 diligentem
1077 811 1217 869 fabricam

251 901 360 960 imitata
379 908 423 960 est
441 901 588 959 hominnm
607 901 832 960 verecundia.
874 903 946 970 Quae
959 901 1034 958 enim
1051 909 1154 958 natura
1168 921 1216 959 oc-

253 992 378 1060 cultavit,
393 991 494 1052 eedem
514 1010 620 1058 omnes,
635 991 685 1068 qui
705 1011 774 1048 sana
797 1000 892 1050 mente
914 997 989 1058 sunt,
1008 999 1156 1049 removent
1176 993 1217 1049 ab

251 1081 357 1140 ocubs:
378 1080 488 1158 ipsique
502 1080 660 1138 necessitati
675 1081 746 1138 dant
758 1100 875 1159 operam
887 1088 1018 1158 utquam
1027 1081 1216 1140 occultissime

251 1177 385 1248 pareant:
406 1188 584 1246 quarumque
599 1171 723 1248 partium
741 1171 867 1248 corporis
885 1190 953 1229 usus
970 1178 1036 1228 sunt
1055 1172 1214 1238 necessarii,

251 1277 299 1316 cas
320 1277 412 1334 neque
434 1265 530 1336 partes
550 1278 642 1336 neque
663 1279 762 1318 earum
781 1281 851 1318 usus
868 1261 926 1318 suis
944 1261 1103 1318 nominibus
1116 1263 1215 1338 appel-

250 1347 326 1406 lent:
348 1347 482 1425 quodque
496 1348 591 1407 iacere
604 1357 689 1428 turpe
702 1369 759 1408 non
773 1357 826 1418 est,
841 1350 929 1408 modo
942 1351 1061 1417 occulte,
1076 1350 1106 1407 id
1120 1350 1216 1408 dicere

218 1447 236 1500 5
251 1439 417 1497 obscoenum
431 1445 482 1496 est.
517 1439 620 1517 Itaque
634 1459 687 1498 nec
700 1448 800 1518 aperta
812 1440 887 1498 actio
900 1459 996 1498 rerum
1009 1440 1121 1497 illarum
1131 1447 1215 1516 petu-

218 1529 338 1588 blantia
358 1535 450 1597 vacat,
471 1548 523 1588 noc
546 1530 679 1588 orationis
700 1530 880 1588 obscoenitas.
920 1529 983 1587 Nec
997 1549 1064 1587 vero
1082 1529 1216 1587 audiendi

251 1629 317 1680 sunt
339 1621 448 1700 Cynici,
462 1630 513 1681 aut
535 1621 626 1698 siqui
646 1622 761 1680 fuerunt
781 1621 869 1680 Stoici
887 1639 970 1698 paene
984 1621 1093 1697 Cynici,
1108 1621 1157 1697 qui
1170 1639 1215 1677 re-

252 1713 430 1791 prehendunt
455 1721 484 1770 et
507 1711 632 1780 irrident,
653 1712 731 1788 quod
750 1729 794 1778 ea,
814 1729 880 1788 quse
902 1729 933 1768 re
954 1711 1049 1790 turpia
1068 1730 1125 1768 non
1148 1711 1215 1778 sint,

251 1802 408 1860 nominibus
419 1821 451 1858 ac
460 1801 553 1860 verbis
567 1800 707 1879 flagitiosa
720 1800 876 1858 ducamus:
897 1799 945 1856 illa
958 1807 1063 1867 autem,
1074 1819 1141 1877 quae
1155 1807 1215 1858 tur·

130 1951 162 1960 „‚
185 1949 190 1959 ,
220 1890 236 1948 '1
252 1890 299 1967 pia
312 1891 376 1957 sint,
391 1890 549 1947 nominibus
569 1890 747 1968 appellemus
768 1889 834 1949 suis.
875 1888 1057 1956 latrocinari,
1071 1889 1214 1958 fraudare,

251 1979 420 2046 adulterare,
441 1998 472 2037 re
493 1986 576 2056 turpe
601 1971 653 2046 est,
675 1980 727 2038 sed
747 1979 851 2038 dicitur
868 1998 926 2036 non
945 1977 1098 2036 obscoene:
1119 1979 1215 2036 liberis

251 2069 319 2126 dare
343 2087 468 2146 operam,
488 2088 520 2127 re
542 2069 694 2127 honestum
716 2076 768 2137 est,
788 2068 898 2130 nomine
911 2070 1096 2126 obscoenum:
1117 2069 1214 2146 plura-

252 2178 307 2238 que
322 2159 350 2216 in
364 2177 427 2216 eam
441 2158 609 2218 sententiam
623 2158 659 2217 ab
674 2159 780 2216 eisdem
795 2166 893 2216 contra
902 2157 1102 2215 verecundiam
1115 2159 1214 2236 dispu-

220 2255 356 2309 8tantur.
398 2249 459 2308 Nos
481 2256 577 2307 autem
597 2254 730 2306 naturam
748 2267 908 2325 sequamur,
929 2255 959 2304 et
978 2246 1016 2305 ab
1036 2247 1120 2314 omni,
1135 2248 1215 2324 quod

250 2339 386 2398 abhorret
406 2339 443 2398 ab
466 2339 613 2398 oculorum
635 2339 802 2415 auriumque
825 2337 1037 2416 approbatione,
1061 2337 1213 2415 fugiamus.

251 2430 359 2499 Status,
383 2430 518 2498 incessus,
543 2430 638 2498 sessio,
663 2429 813 2495 accubitio,
838 2428 943 2495 vultus,
968 2427 1051 2495 oculi,
1076 2446 1214 2485 manuum

218 2526 235 2580 9
250 2529 354 2588 motus,
368 2527 483 2578 teneant
496 2519 567 2578 illud
577 2519 722 2578 decorum.
757 2518 868 2586 Quibus
881 2517 911 2574 in
920 2518 1005 2575 rebus
1019 2517 1078 2574 dno
1092 2517 1214 2574 maxime

250 2618 317 2668 sunt
340 2610 484 2689 fugienda,
505 2627 541 2666 ne
564 2609 632 2686 quid
653 2608 846 2667 effeminatum
866 2613 917 2664 aut
936 2607 1031 2674 molle,
1045 2614 1075 2664 et
1094 2607 1214 2683 nequid

200 2706 236 2758 10
252 2700 356 2757 durum
367 2706 416 2756 aut
429 2699 567 2756 rusticum
582 2699 625 2756 sit.
654 2699 794 2756 Necvero
804 2697 985 2755 histrionibus
998 2697 1213 2773 oratoribusque
1282 2746 1289 2755 .

250 2787 463 2846 concedendum
490 2795 541 2856 est,
567 2795 600 2846 ut
627 2789 660 2846 iis
687 2789 749 2846 boec
777 2793 847 2865 apta
870 2786 934 2853 sint,
957 2786 1038 2843 nobis
1065 2785 1212 2845 dissoluta.

199 2884 233 2936 11
251 2878 432 2936 Scenicorum
442 2876 557 2953 quidem
571 2897 632 2936 mos
646 2885 756 2935 tantam
769 2877 858 2934 habet
867 2882 962 2933 vetere
972 2875 1120 2953 disciplina
1133 2895 1212 2934 vere·

199 2974 235 3048 12
250 2968 389 3035 cundiam,
404 2973 437 3023 ut
450 2966 479 3024 in
492 2985 606 3024 scenam
621 2967 680 3026 sine
693 2966 871 3045 subligaculo
886 2965 1007 3042 prodeat
1019 2985 1112 3024 nemo.
1153 2966 1211 3024 Ve-

248 3065 346 3116 rentur
369 3056 451 3124 enim,
472 3075 517 3125 ne,
542 3057 565 3114 si
587 3077 644 3134 quo
668 3063 738 3115 cas'u
760 3055 892 3121 evenerit,
913 3062 947 3112 ut
966 3054 1091 3132 corporis
1116 3063 1213 3132 partes

198 3154 233 3207 13
248 3146 380 3224 quaedam
394 3146 563 3224 aperiantur,
579 3147 751 3223 aspiciantur
763 3164 820 3202 non
830 3146 941 3203 decore.
975 3143 1081 3201 Nostro
1096 3143 1212 3220 quidem

248 3255 327 3294 more
348 3255 414 3293 cum
437 3236 601 3313 parentibus
622 3237 744 3313 puberes
764 3236 821 3302 filii,
836 3254 903 3293 cum
921 3233 1024 3292 soceris
1044 3234 1142 3312 generi
1155 3253 1212 3291 uon

199 3333 233 3386 14
248 3329 388 3386 lavantur.
429 3324 588 3382 Retinenda
610 3325 697 3402 igitur
719 3333 764 3382 est
786 3326 874 3403 hujus
896 3323 1008 3402 generis
1032 3324 1210 3390 verecundia,

247 3415 404 3496 praesertim
417 3421 519 3471 nature
532 3414 595 3492 ipsa
608 3415 746 3492 magistra
759 3422 789 3472 et
803 3415 883 3473 duce.

286 3595 422 3653 XXXVI.
446 3593 520 3651 (lum
533 3599 630 3650 autem
649 3591 930 3670 pulchritudiuis
945 3591 1004 3648 duo
1024 3609 1131 3668 genera
1145 3591 1210 3657 sint,

246 3705 367 3766 quorum
380 3684 407 3741 in
422 3685 511 3742 altero
519 3690 653 3742 venustas
667 3681 711 3749 sit,
722 3682 751 3739 in
764 3683 854 3740 altero
868 3680 992 3759 dignitas
1003 3699 1011 3748 ;
1032 3687 1211 3740 venustatem
