2692 4292
158 301 196 356 10
569 315 607 353 mr
628 313 756 353 orrrons

212 443 357 522 quoddam
371 444 493 502 officium
507 443 617 511 dicitur,
630 450 658 501 et
672 442 840 520 perfectum.
873 441 1037 498 Perfectum
1050 441 1176 498 officium

209 542 375 600 rectum,
404 535 511 611 opinor,
533 551 673 599 vocemus,
696 531 772 608 quod
798 532 892 589 Graeci
915 531 1087 608 uurtgtepu,
1116 531 1174 587 boc

177 631 306 682 bautem
331 641 479 680 commune
503 623 543 680 oi
549 623 562 678 f
569 623 682 680 icium
706 629 817 678 vocant.
860 620 959 696 Atque
978 639 1013 678 ea
1036 621 1076 677 sic
1101 619 1171 677 defi-

208 711 296 777 niunt,
311 720 345 769 ut
358 720 467 768 rectum
482 711 558 788 quod
579 711 623 777 sit,
639 711 667 768 id
689 711 811 768 officium
827 710 985 786 perlectum
998 729 1061 766 csse
1074 709 1172 766 defim-

208 810 273 868 ant;
294 801 419 858 medium
433 807 528 858 autem
538 801 658 858 officium
672 800 701 856 id
716 817 777 856 esse
791 799 897 865 dicunt,
909 799 987 876 qnod
1000 818 1051 856 cur
1063 799 1173 857 iactum

209 890 254 956 sit,
269 891 342 947 ratio
357 890 509 967 probabilis
523 890 604 947 reddi
619 889 716 966 possit.

176 985 193 1037 6
248 979 361 1056 Triplex
384 979 542 1056 igiturest,
565 987 598 1036 ut
619 978 746 1035 Panaetio
776 977 894 1045 ridetur,
914 977 1021 1035 consilii
1042 976 1171 1054 capiendi

209 1067 381 1127 deliberatio.
423 1067 499 1124 Nam
519 1075 570 1124 aut
591 1067 776 1124 honestumne
797 1067 876 1124 factu
895 1066 939 1132 sit,
955 1085 992 1123 an
1011 1075 1103 1145 turpe,
1118 1068 1170 1124 du·

208 1159 306 1224 bitant,
318 1157 355 1223 id,
368 1156 444 1232 quod
458 1156 487 1212 in
501 1155 729 1213 deliberationem
743 1157 835 1223 cadit;
855 1157 954 1232 inquo
968 1157 1171 1215 considerando

176 1246 286 1322 'lsaepe
300 1246 384 1302 animi
398 1245 426 1302 in
447 1245 600 1302 contraries
619 1247 772 1302 sententias
792 1246 994 1304 distrahuntur.
1036 1247 1108 1304 'l'um
1121 1267 1170 1304 uu-

208 1343 266 1392 tem
286 1341 337 1392 eut
357 1335 515 1411 anquirunt,
536 1341 586 1392 aut
606 1336 774 1402 consultant,
796 1336 834 1392 ad
854 1335 921 1394 ritse
943 1336 1172 1394 commoditatem

206 1425 478 1502 jucunditatemque,
493 1425 531 1482 ed
553 1423 703 1482 facultates
717 1444 812 1481 rerum
824 1433 910 1501 atque
923 1425 1027 1503 copias,
1042 1427 1079 1484 ad
1093 1446 1171 1503 opes,

208 1515 246 1572 ad
261 1513 425 1592 potentiam,
440 1515 543 1591 quibus
563 1521 636 1572 etse
651 1515 761 1592 possint
779 1515 879 1591 jurare
899 1522 929 1572 et
942 1534 1017 1581 suos,
1032 1515 1173 1573 conducat

209 1604 238 1661 id
260 1623 358 1671 necne,
374 1603 409 1662 de
430 1623 487 1680 quo
508 1605 680 1662 deliberant:
702 1624 767 1680 quae
788 1604 952 1662 deliberatio
972 1606 1061 1662 omnis
1079 1605 1109 1662 in
1128 1626 1171 1662 ra-

178 1695 315 1753 8tionem
337 1694 465 1750 utilitatis
486 1694 568 1751 cadit.
611 1694 736 1751 Tertium
757 1693 905 1752 dubitandi
924 1714 1015 1772 genus
1035 1703 1172 1761 osteum

211 1801 339 1860 pugnare
359 1782 471 1839 videtur
491 1802 556 1840 cum
580 1782 700 1840 honesto
723 1783 761 1849 id,
783 1782 861 1859 quod
881 1783 993 1841 videtur
1013 1803 1074 1842 esse
1094 1787 1171 1844 utile.

212 1875 285 1932 Cum
299 1873 372 1930 enim
386 1873 491 1930 utilitas
506 1875 542 1931 ed
557 1893 587 1931 se
602 1893 710 1951 rapere,
725 1875 858 1932 honestas
872 1884 970 1932 contra
983 1894 1114 1933 revocare
1134 1876 1172 1934 ad

210 1983 241 2021 se
257 1963 376 2028 videtur,
391 1963 431 2028 fit,
447 1972 479 2020 ut
493 1963 666 2021 distrahatur
684 1965 712 2020 in
727 1963 909 2022 deliberando
929 1965 1047 2031 animus,
1061 1967 1172 2023 afferat·

179 2060 266 2130 tique
286 2052 436 2128 ancipitem
458 2073 554 2110 curam
575 2053 726 2131 cogitandi.
768 2054 830 2111 Hac
851 2054 992 2120 divisione,
1016 2075 1080 2112 cum
1101 2075 1172 2133 prae-

210 2143 294 2200 terire
316 2143 421 2220 aliquid
442 2144 596 2200 maximum
616 2144 715 2200 vitium
733 2143 935 2247 'prfdp'videndo
955 2144 1000 2210 sit,
1023 2144 1082 2202 duo
1101 2165 1172 2221 prae·

116 2251 124 2276 ¹
211 2232 339 2289 termissa
353 2241 427 2290 suut.
470 2232 530 2290 Nec
545 2233 618 2289 enim
633 2221 846 2299 coluriifiunni
863 2224 1024 2316 bonestum,
1040 2253 1076 2290 an
1090 2243 1173 2312 turpe

211 2323 255 2389 sit,
272 2322 421 2388 deliberari
441 2322 530 2388 solet;
551 2323 601 2380 sed
623 2324 718 2389 etiam,
735 2323 848 2380 duobus
869 2313 1019 2398 prepositis
1040 2314 1171 2391 honestis,

209 2419 306 2470 utrum
321 2413 483 2478 honestius;
505 2412 637 2488 itemque,
649 2413 763 2470 duobus
777 2411 928 2490 propositis
942 2412 1065 2479 utilibus,
1077 2422 1172 2470 utrum

160 2507 196 2561 10
211 2504 313 2562 utilius.
356 2506 410 2571 Ila,
432 2522 518 2579 quam
539 2504 584 2561 ille
605 2503 745 2580 triplicem
766 2503 877 2580 putavit
897 2522 959 2560 esse
979 2503 1123 2569 rationem,
1144 2505 1173 2560 in

210 2594 332 2670 quinque
353 2601 448 2670 partes
469 2593 597 2650 distribui
618 2595 722 2651 debere
743 2593 890 2670 reperitur.
931 2593 1059 2650 Primum
1085 2593 1172 2671 igitur

211 2691 255 2739 est
269 2684 305 2740 de
319 2685 447 2748 honesto,
464 2683 515 2738 sed
530 2684 690 2759 dupliciter,
702 2691 764 2740 tum
778 2683 839 2760 pari
852 2683 960 2740 ratione
974 2683 1011 2740 de
1024 2683 1093 2751 utili,
1108 2691 1174 2761 post

15 2713 19 2915 ἶ
212 2772 249 2829 de
263 2773 472 2849 comparatione
486 2790 584 2830 eorum
599 2773 803 2832 disserendum.

80 2913 200 2996 f
251 2950 304 3008 IV.
326 2951 469 3028 Principio
482 2952 579 3030 generi
597 2953 780 3010 animantium
795 2953 870 3010 omni
884 2960 928 3011 est
941 2961 1073 3010 enatura
1086 2953 1173 3010 tribu·

212 3047 283 3106 tum,
298 3047 331 3096 ut
351 3059 390 3106 se,
412 3041 498 3099 vitam
519 3061 679 3119 corpusque
700 3050 821 3110 tueatur,
838 3043 1015 3119 declinetque
1040 3061 1082 3109 ea,
1107 3062 1172 3119 quae

211 3129 339 3186 nocitura
369 3130 525 3198 videantur,
549 3133 705 3208 omniaque,
726 3152 792 3208 quae
819 3133 873 3188 sint
900 3131 936 3189 ad
957 3132 1107 3189 vivendum
1127 3151 1173 3188 ne·

211 3219 341 3286 cessaria,
363 3221 492 3296 anquirat
513 3228 541 3278 et
563 3229 652 3297 paret,
675 3230 708 3278 ut
728 3230 851 3297 pastum,
873 3229 906 3278 ut
926 3221 1053 3287 latibula,
1069 3229 1101 3278 ut
1121 3221 1176 3278 alia

180 3315 195 3366 2
212 3309 322 3386 generis
337 3309 472 3386 ejusdem.
516 3311 673 3366 Commune
687 3318 783 3367 autem
797 3311 979 3368 animantium
993 3311 1118 3367 omnium
1131 3317 1176 3368 est

211 3398 414 3476 conjunctionis
434 3399 578 3476 appetitus
600 3398 765 3475 procreandi
785 3419 878 3467 causa,
902 3407 931 3456 et
952 3419 1022 3457 cura
1040 3400 1176 3476 quaedam

179 3495 196 3545 3
212 3507 317 3556 eorum,
333 3507 397 3565 quae
421 3495 568 3566 procreata
583 3496 656 3544 sunt.
699 3487 757 3544 Sed
771 3488 844 3545 inter
857 3489 999 3546 hominem
1013 3496 1042 3546 et
1063 3490 1177 3547 beluam

210 3578 265 3635 hoc
293 3579 413 3635 maxime
437 3579 561 3643 interest,
593 3577 669 3654 quod
698 3577 762 3635 baec
789 3586 908 3645 tantum,
930 3588 1068 3654 quantum
1092 3597 1177 3636 sensu

210 3673 349 3735 movetur,
371 3667 408 3724 ad
431 3667 461 3724 id
491 3665 590 3734 solum,
612 3667 690 3743 quod
709 3667 791 3725 adest
811 3669 945 3744 quodque
965 3687 1094 3745 praesens
1122 3675 1176 3737 est,
