2692 4292
576 295 613 336 D}
628 295 759 338 otricus

215 427 361 505 inquibus
380 425 536 486 deliberare
557 425 685 484 homines
705 433 736 484 et
758 424 919 484 consultare
939 422 977 482 de
996 422 1089 482 officio
1107 423 1184 482 sole·

213 524 293 585 rent;
314 535 380 582 uno,
390 535 455 574 cum
470 514 642 581 dubitarent,
654 515 843 574 honestumne
855 514 884 572 id
900 521 985 581 esset,
993 513 1032 571 de
1041 533 1101 590 quo
1113 532 1184 591 age-

213 615 299 674 retur,
310 625 347 663 an
360 615 460 682 turpe:
482 605 579 672 altero,
594 605 701 662 utilene
714 613 799 672 esset,
809 623 847 660 an
860 603 974 662 inutile:
995 604 1090 666 tertio,
1103 604 1129 659 si
1141 603 1183 670 id,

215 695 292 774 quod
307 697 431 773 speciem
452 695 570 752 baberet
591 694 710 760 honesti,
726 702 868 772 pugnaret
881 712 947 751 cum
961 711 1005 759 eo,
1019 692 1104 774 quod·
1111 693 1185 749 utile

214 786 366 852 rideretur,
381 803 440 862 quo
453 785 539 842 modo
552 803 586 842 ee
599 782 721 842 discerni
733 791 896 860 oporteret:
917 782 953 839 de
968 781 1084 839 duobus
1096 800 1184 858 gene-

213 875 292 934 ribus
307 875 403 952 primis
419 875 509 932 tribus
531 873 608 932 libris
628 873 795 950 explicavit:
816 873 854 930 de
866 872 952 930 tertio
964 879 1064 928 autem
1078 890 1185 948 genere

215 965 349 1042 deinceps
363 983 393 1022 se
407 964 520 1041 scripsit
533 964 685 1029 dicturum,
700 982 753 1020 nec
767 963 895 1028 exsolvit,
909 961 989 1038 quod
1003 961 1180 1038 promiserat

181 1060 200 1113 9
215 1055 299 1124 Quod
310 1073 345 1112 eo
355 1054 446 1132 magis
455 1054 549 1120 miror,
557 1053 623 1130 quia
631 1054 797 1130 scriptume
806 1052 947 1129 discipulo
954 1052 1018 1128 ejus
1027 1051 1181 1108 Posidonio

214 1153 267 1210 est,
283 1144 398 1221 triginta
418 1143 498 1200 annis
512 1143 613 1200 vixisse
628 1143 795 1209 Panretium,
810 1152 997 1219 posteaquam
1016 1141 1081 1198 illos
1095 1140 1183 1197 libros

163 1232 358 1291 reccidisse.
400 1233 492 1300 Quem
512 1233 606 1290 locum
627 1231 714 1290 miror
726 1251 745 1288 a
757 1232 910 1290 Posidonio
924 1231 1050 1288 breviter
1062 1249 1125 1287 esse
1139 1239 1183 1286 ta-

214 1331 292 1379 ctum
305 1321 332 1378 in
343 1321 513 1397 quibusdam
526 1322 741 1388 commentariis,
753 1321 910 1398 presertim
919 1339 984 1378 cum
995 1320 1109 1386 scribut,
1120 1320 1182 1377 nul·

165 1415 200 1470 11
217 1412 277 1469 lum
292 1431 353 1468 esse
365 1411 458 1468 locum
469 1411 497 1467 in
507 1419 568 1468 totu
577 1411 758 1488 philosophis
768 1419 828 1468 tam
839 1410 1036 1468 necessarium.
1068 1409 1182 1466 Minime

214 1519 282 1558 vero
296 1499 434 1558 assentior
447 1500 488 1566 iis,
503 1501 550 1576 qui
564 1509 679 1576 negent,
695 1519 765 1577 eum
782 1500 878 1557 locum
891 1519 909 1555 a
921 1499 1052 1556 Panaetio
1065 1506 1181 1576 preter-

214 1591 339 1656 missum,
350 1590 400 1647 sed
413 1589 541 1647 consulto
549 1590 687 1656 relictum,
699 1609 752 1648 nec
761 1589 875 1647 omnino
885 1589 1066 1669 scribendum
1076 1589 1181 1644 fuisse:

164 1684 200 1739 12
215 1681 280 1756 quia
301 1699 444 1756 nunquam
464 1687 561 1757 posset
582 1679 688 1736 utilitas
702 1699 769 1737 cum
790 1680 938 1738 honestate
959 1696 1095 1756 pugnare.
1137 1678 1182 1734 De

215 1787 272 1845 quo
286 1769 406 1827 alterum
423 1777 519 1846 potest
532 1769 637 1825 bebere
652 1769 866 1835 dubitationem,
878 1768 1108 1825 adhibendumne
1121 1768 1182 1825 fue-

214 1860 252 1914 rit
275 1859 329 1914 hoc
352 1877 451 1934 genus,
477 1857 555 1934 quod
580 1858 607 1914 in
632 1858 768 1916 divisione
792 1858 909 1915 Peucetii
931 1858 1046 1914 tertium
1070 1865 1122 1922 est,
1146 1875 1184 1914 an

218 1945 301 2024 plene
316 1947 521 2003 omittendum:
544 1947 665 2004 alterum
679 1947 803 2004 dubitari
817 1967 873 2004 non
893 1953 1000 2024 potest,
1014 1946 1083 2022 quin
1095 1965 1113 2002 a
1126 1946 1183 2003 Pe·

165 2039 200 2094 le
217 2035 301 2091 netio
316 2043 480 2112 susceptum
496 2037 539 2102 sit,
556 2037 606 2093 sed
621 2037 759 2094 relictum.
802 2038 876 2094 Nam
891 2037 941 2113 qui
954 2056 971 2094 e
984 2037 1121 2093 divisione
1134 2037 1182 2093 tri-

219 2125 322 2200 pertita
336 2124 408 2180 duas
423 2133 519 2202 partes
533 2126 694 2192 absolverit,
709 2127 775 2184 huic
796 2145 912 2184 necesse
934 2134 979 2184 est
999 2135 1108 2183 restare
1126 2134 1182 2183 ter-

217 2214 293 2270 tiam.
316 2213 458 2270 Praetcrea
469 2214 496 2270 in
508 2223 635 2272 extremo
649 2216 722 2273 libro
730 2217 813 2273 tertio
823 2216 859 2272 de
874 2217 928 2274 bac
939 2225 1020 2293 parte
1035 2217 1184 2293 pollicetur

166 2308 202 2360 14
217 2321 247 2359 se
267 2302 400 2380 deinceps
422 2323 483 2360 esse
498 2305 649 2362 dicturum.
687 2305 810 2363 Accedit
823 2305 925 2362 eodem
946 2306 1026 2362 testis
1046 2306 1181 2381 locuples,

216 2391 392 2460 Posidonius,
406 2394 455 2470 qui
469 2394 555 2451 etism
570 2394 667 2451 scribit
680 2395 708 2450 in
721 2395 845 2470 quadam
860 2395 988 2472 epistola,
998 2395 1031 2452 P.
1044 2396 1183 2452 Rutilium

217 2483 325 2540 Rufum
340 2483 433 2540 dicere
448 2484 546 2549 solere,
562 2483 610 2560 qui
624 2483 783 2540 Panaetium
797 2484 934 2550 audieret,
948 2493 982 2540 ut
994 2503 1079 2541 nemo
1092 2485 1184 2560 pictor

217 2581 292 2630 esset
306 2573 445 2639 inventus,
460 2574 508 2649 qui
525 2574 592 2630 Coe
607 2573 726 2630 Veneris
746 2591 809 2629 eum
830 2581 949 2650 partem,
964 2592 1049 2650 quum
1064 2574 1183 2651 Apelles

216 2661 375 2718 inchoatam
397 2663 561 2737 reliquisset,
577 2663 738 2719 absolveret
753 2660 821 2741 (oris
834 2663 907 2720 enim
923 2663 1107 2739 pulchritudo
1120 2664 1181 2720 reli·

217 2751 266 2826 qui
279 2751 405 2827 corporis
428 2751 556 2809 imitandi
570 2771 650 2828 spem
664 2751 826 2829 auferebat)
841 2753 880 2808 sic
895 2770 937 2819 ea,
952 2771 1016 2828 quae
1038 2753 1182 2810 Pentetius

218 2840 441 2915 pretermisisset
454 2849 483 2896 et
497 2860 552 2898 non
567 2842 740 2918 perfecisset,
755 2850 874 2918 propter
887 2860 994 2910 eorum,
1009 2860 1074 2918 quae
1088 2843 1181 2919 perie-

220 2927 312 2994 oisset,
330 2930 521 3004 prestantium
535 2932 677 2988 neminem
691 2949 753 2988 esse
766 2939 956 3007 persecutum.

258 3105 314 3164 111.
337 3106 553 3174 Quamobrem
568 3108 605 3166 de
616 3109 724 3185 judicio
734 3109 852 3166 Pcnetii
862 3109 986 3167 dubitari
999 3128 1055 3166 non
1070 3117 1180 3186 potest:

217 3202 329 3252 rectene
343 3203 439 3252 autem
452 3197 525 3254 hanc
540 3198 650 3254 tertiam
666 3205 778 3275 purtem
791 3198 828 3254 ad
840 3199 1046 3274 exquirendum
1059 3199 1183 3258 officium

187 3291 205 3343 2
221 3283 391 3361 adjunxerit,
406 3302 442 3340 an
456 3303 546 3351 secus,
562 3285 598 3343 de
618 3305 653 3344 eo
672 3288 794 3344 fortasse
807 3287 948 3364 disputari
961 3295 1063 3364 potest.
1105 3289 1135 3346 N
1136 3307 1182 3346 am

219 3375 277 3432 sive
291 3374 443 3430 honestum
457 3373 549 3430 solum
564 3375 671 3432 bonum
685 3383 738 3444 est,
750 3384 784 3434 ut
793 3377 896 3435 Stoicis
910 3377 1022 3453 placet;
1035 3378 1095 3436 sive
1104 3378 1182 3454 quod

218 3464 369 3521 honestum
389 3469 441 3529 est,
457 3461 486 3519 id
508 3461 548 3520 ita
570 3481 714 3521 summum
737 3467 844 3523 bonum
866 3473 919 3533 est,
941 3466 1183 3541 quemadmodum

218 3552 415 3631 Peripateticis
425 3551 526 3610 vestris
535 3552 655 3619 videtur,
665 3562 699 3610 ut
706 3554 801 3611 omnia
810 3573 847 3612 ex
854 3555 944 3612 altera
952 3562 1034 3633 parte
1044 3556 1182 3614 collocate

218 3641 265 3700 vix
284 3642 390 3702 minimi
410 3642 546 3703 momenti
566 3642 656 3702 instar
676 3643 819 3702 babeant:
839 3643 1031 3702 dubitandum
1049 3662 1108 3702 non
1127 3652 1181 3713 est,
