2692 4292
488 363 575 402 mssa
589 363 608 403 1.
639 347 718 404 ‘cnm
732 363 786 414 111,
800 364 865 404 1111.
1145 349 1185 406 1⁰

202 493 271 551 XII.
292 490 434 568 Equidem
448 491 532 548 etiam
552 489 623 548 illud
637 491 839 559 animadverto,
854 491 939 568 qnod,
954 492 1003 568 qui
1016 491 1132 569 proprio

163 582 275 639 nomine
290 581 443 659 perduellis
457 589 539 648 esset,
554 581 577 636 is
591 581 681 638 hostis
694 588 852 648 vocaretur,
866 581 981 638 lenitate
999 581 1078 639 verbi
1089 579 1132 639 rei

163 671 304 728 tristitiam
319 670 487 747 mitigatam.
529 669 629 726 Hostis
643 669 717 726 enim
739 669 817 746 apud
838 670 960 746 majores
973 677 1086 728 nostros
1104 670 1130 728 is

163 757 318 826 dicebatur,
331 777 417 842 quern
427 777 501 815 nunc
512 757 694 834 peregrinum
707 757 836 815 dicimus.
878 758 1008 815 Indicant
1021 758 1128 816 duode-
1142 763 1161 816 2

163 849 218 906 cim
241 848 359 914 tabulae,
373 852 415 913 ut,
438 865 542 904 srsrus
566 865 632 904 nrss
655 866 717 904 cuir
740 865 849 904 nosris:
869 847 1003 923 itemque,
1018 865 1130 904 snm·

162 955 214 995 sus
234 955 350 995 nosrnu
370 954 496 992 arnum
517 953 708 994 sucrosrrns.
751 935 828 1005 Quid
848 935 885 992 ed
905 935 979 992 hano
998 941 1160 994 mansuet

161 1026 291 1083 tudinem
311 1025 378 1082 addi
398 1031 502 1100 potest,
517 1043 592 1092 eum,
607 1025 723 1100 quicum
744 1024 852 1081 bellum
871 1041 963 1100 geras,
978 1030 1038 1080 tarn
1051 1024 1130 1082 molli

161 1115 275 1172 nomine
290 1113 455 1192 appellare?
497 1113 677 1190 Quamquam
691 1112 721 1189 id
734 1129 839 1168 nomen
851 1111 949 1169 durius
963 1112 1055 1170 effecit
1066 1111 1128 1189 jam

161 1211 299 1260 vetustas.
340 1203 369 1258 A
389 1201 537 1279 peregrino
558 1202 632 1258 enim
651 1201 776 1268 recessit,
791 1207 821 1257 et
840 1200 955 1277 proprr‘e
973 1201 1003 1258 in
1022 1219 1064 1267 eo,
1080 1201 1129 1277 qui

161 1309 242 1348 arma
262 1298 359 1348 contra
378 1291 473 1357 ferret,
494 1290 636 1348 remansit.
679 1290 753 1346 Cum
780 1308 848 1346 vero
875 1289 912 1346 de
937 1289 1058 1366 imperio
1077 1290 1160 1348 ‹te-4

162 1386 288 1437 certatur
306 1379 438 1455 belloque
465 1379 602 1458 quaeritur
631 1377 730 1456 gloria,
751 1396 852 1436 causas
875 1378 989 1435 omnino
1009 1379 1127 1436 subesse

161 1475 258 1526 tamen
278 1476 390 1546 oportet
410 1467 533 1535 easdem,
549 1487 620 1545 quas
641 1467 700 1524 dixi
719 1467 806 1544 paulo
826 1474 893 1523 ante
910 1466 1004 1544 justas
1024 1485 1126 1524 causas

162 1577 225 1615 esse
238 1558 385 1616 bellorum.
427 1557 485 1614 Sed
499 1576 534 1614 ea
543 1557 627 1623 bella,
638 1557 742 1633 quibus
755 1556 865 1631 imperii
877 1555 968 1633 gloria
982 1556 1127 1631 proposita

161 1654 213 1714 est,
226 1647 317 1703 minus
331 1646 432 1703 acerbe
446 1646 571 1724 gerenda
585 1653 659 1704 sunt.
701 1646 743 1702 Ut
757 1645 831 1703 enim
845 1664 911 1702 cum
925 1645 1043 1702 civiliter
1056 1664 1123 1702 con·
1138 1653 1156 1704 5

160 1737 311 1803 tendimus
334 1735 414 1792 aliter
434 1735 458 1792 si
478 1742 522 1792 est
548 1735 685 1802 inimicus,
709 1735 791 1792 aliter
810 1734 834 1791 si
861 1734 1038 1810 competitor,
1060 1753 1127 1792 cum

159 1825 251 1882 altero
271 1831 413 1882 certamen
433 1825 546 1881 honoris
567 1831 596 1881 et
616 1824 761 1902 dignitatis
778 1830 830 1890 est,
845 1843 911 1880 cum
924 1822 1012 1880 altero
1027 1823 1127 1900 cupitis

160 1921 189 1972 et
211 1915 311 1970 samae:
333 1915 373 1971 sic
394 1933 458 1971 cum
480 1913 636 1980 Celtiberis,
652 1933 718 1970 cum
740 1913 861 1970 Cimbris
881 1912 997 1979 bellum,
1012 1919 1046 1968 ut
1059 1931 1125 1970 eum

158 2003 284 2070 inimicis,
299 2003 461 2080 gerebatur,
476 2009 541 2059 uter
554 2011 638 2069 esset,
653 2022 710 2058 non
723 2010 788 2059 uter
800 2002 968 2078 imperaret;
990 2020 1056 2058 cum
1070 2001 1125 2059 La·

158 2093 233 2160 tinia,
255 2093 374 2159 Sabinis
396 2090 577 2158 Samnitibus,
593 2091 699 2158 Poenis,
714 2091 827 2168 Pyrrho
849 2090 886 2147 de
905 2090 1023 2167 imperio
1043 2090 1123 2147 dimi-
1169 2077 1180 2090 ⁶

159 2183 286 2240 cabatur.
327 2181 411 2238 Poeni
438 2181 589 2258 foedifragi,
611 2181 733 2238 crudelis
757 2179 916 2237 Hannibal:
943 2179 1042 2256 reliqui
1062 2180 1124 2256 jus-

157 2270 253 2328 tiores.
293 2271 397 2348 Pyrrhi
410 2270 525 2346 quidcm
539 2269 575 2328 de
589 2270 707 2347 captivis
720 2269 872 2328 reddendis
893 2268 942 2325 illa
956 2270 1111 2346 praeclare:
1136 2273 1156 2327 6

239 2389 299 2446 Nee
312 2389 353 2446 mi
365 2409 469 2446 aarum
477 2408 568 2463 posca
582 2408 629 2446 aee
642 2390 682 2445 rai
690 2390 815 2462 pretium
828 2389 957 2445 dedentis
964 2407 978 2461 ;

238 2479 299 2536 Nec
312 2487 494 2552 cauponantes
509 2480 618 2544 bellum,
634 2479 681 2534 sed
695 2480 889 2551 belligerantes,

239 2567 334 2634 Ferro,
346 2587 401 2624 aaa
414 2587 492 2634 aare,
508 2569 594 2624 vitam
608 2586 751 2624 cernamur
764 2568 883 2641 utrique.

247 2655 334 2714 Vosne
347 2658 419 2724 velit,
434 2677 471 2713 an
485 2676 527 2714 rae
540 2677 653 2731 repaare
666 2658 740 2722 hera,
757 2657 856 2730 quidue
861 2658 950 2731 fmt,
964 2656 1046 2726 Fors,

247 2746 357 2803 Virtute
369 2748 549 2820 esperiamw.
591 2747 633 2803 Et
646 2747 696 2802 ltoc
709 2747 796 2802 simul
808 2748 895 2822 eapite
908 2747 1035 2806 dictum:

243 2836 371 2909 Quorum
385 2837 485 2894 virtuti
499 2837 562 2893 belli
565 2839 691 2910 sortaaa
698 2837 828 2909 mersit,

237 2925 409 2984 Earamdem
422 2943 464 2982 me
478 2926 598 2983 libertati
605 2945 719 3000 parcere
732 2935 836 2982 certrua
848 2934 895 2983 est.

236 3015 329 3084 Dorta,
343 3015 441 3083 duale,
455 3016 543 3090 doque
556 3016 709 3074 volentibus
722 3035 786 3073 cum
799 3017 908 3089 maara
919 3015 974 3075 dte

156 3131 273 3210 Regalis
287 3151 354 3190 sane
368 3140 398 3190 et
411 3134 498 3212 digna
511 3134 697 3192 AEacidarum
711 3153 815 3213 genere
829 3134 978 3194 sententia.
1132 3137 1152 3198 '1

195 3243 279 3299 XIII.
301 3243 399 3319 Atque
410 3244 495 3300 etiam
505 3244 528 3300 si
538 3243 606 3321 quid
616 3245 720 3322 singuli
729 3246 907 3323 temporibus
916 3244 1034 3304 adducti
1042 3246 1119 3305 hosti

155 3332 353 3410 promiserunt,
368 3338 413 3388 est
435 3333 464 3390 in
487 3350 522 3389 eo
542 3333 604 3410 ipso
625 3334 696 3391 fides
719 3334 919 3392 conservande.
960 3335 1002 3392 Ut
1026 3337 1150 3412 prim02

153 3419 263 3478 Punico
276 3420 352 3478 bello
366 3421 495 3498 Regulus
515 3429 615 3498 eaptus
629 3441 646 3480 a
659 3423 765 3490 Poenis,
777 3443 843 3480 cum
858 3423 894 3480 de
909 3423 1027 3500 captivis
1040 3442 1117 3480 oom-

153 3509 297 3567 mutand‘m
321 3511 444 3566 Romam
465 3511 567 3567 missus
594 3518 677 3578 esset,
696 3512 877 3588 jurassetque
897 3531 929 3568 se
948 3511 1116 3578 rediturum,
1185 3533 1191 3542 ⁸

152 3597 287 3675 primum,
301 3605 335 3656 ut
347 3598 432 3665 venit,
448 3599 574 3675 captivos
588 3599 749 3658 reddendos
761 3602 791 3658 in
803 3607 904 3658 senatu
921 3616 978 3654 non
991 3598 1116 3657 censuit:

153 3686 266 3755 deinde,
281 3707 348 3745 oum
367 3687 535 3745 retineretur
554 3705 572 3744 a
591 3687 757 3766 propinquis
770 3696 801 3748 et
820 3689 858 3746 ab
877 3686 982 3753 amicis,
996 3685 1035 3744 nd
1047 3705 1116 3766 sup-
