2692 4292
605 331 691 368 mana
703 330 746 368 111.
787 329 854 368 oar.
869 329 940 368 nvn.
1233 315 1289 370 lot

274 475 349 515 sorr
358 476 391 516 s.
423 457 462 516 M.
475 457 547 515 (lato
558 458 726 515 sententiam
732 458 812 524 dixit,
823 457 910 534 hujus
923 456 1011 514 nostri
1020 455 1136 514 Catonis
1147 462 1236 532 pater.
1250 462 1269 513 6

275 547 317 604 Ut
330 548 403 604 enim
424 547 509 604 ceteri
531 567 566 604 cx
588 547 724 624 patribus,
739 548 779 603 sic
793 547 846 612 hic,
861 547 910 622 qui
929 546 999 603 illud
1018 546 1114 603 lumen
1134 563 1237 622 proge-

274 637 344 703 nuit,
360 655 395 692 ex
408 636 465 693 filio
479 645 523 693 est
536 636 731 693 nominandus.
773 637 803 692 Is
822 636 909 712 igitur
919 635 1009 711 judex
1022 636 1062 692 ita
1075 635 1236 712 pronuntia·
1251 633 1268 692 *1

275 725 323 790 vit,
340 745 404 782 cnm
418 725 446 782 in
461 725 609 782 vendendo
623 744 684 781 rem
703 743 766 782 eam
785 726 892 792 scisset,
907 732 936 782 et
949 743 1006 782 non
1019 725 1236 801 pronuntiasset,

275 815 398 891 emptori
413 815 548 872 damnum
569 814 699 891 praestari
711 822 850 889 oportere.
891 813 968 890 Ergo
981 813 1018 870 ad
1032 813 1118 870 fidem
1133 815 1236 871 bonam

276 904 374 960 statuit
398 904 545 980 pertinere,
568 911 668 960 notum
692 921 754 959 essa
776 902 898 978 emptori
917 903 1025 969 vitium,
1039 902 1117 979 quod
1140 909 1237 960 nosset

275 992 411 1050 venditor.
454 993 537 1061 Quod
560 993 583 1049 si
603 999 681 1049 recte
698 991 845 1068 judicavit,
867 1011 923 1049 non
942 1000 1019 1049 recte
1038 992 1268 1050 frumentarius8

275 1081 329 1148 ille,
358 1099 414 1138 non
440 1090 517 1140 recte
545 1081 647 1138 andium
675 1081 866 1156 pestilentium
892 1080 1021 1138 venditor
1040 1081 1136 1138 tacuit.
1177 1081 1237 1138 Sed

275 1171 438 1247 hujusmodi
464 1171 616 1230 reticentiae
642 1171 707 1247 jure
735 1171 808 1226 civili
834 1189 933 1228 omnes
954 1170 1159 1247 comprehendi
1179 1189 1237 1227 non

276 1265 410 1337 possunt:
432 1279 495 1335 quae
516 1269 612 1316 autem
634 1268 761 1336 possunt,
776 1259 926 1336 diligenter
938 1267 1078 1318 tenentur.
1120 1261 1160 1317 Μ.
1175 1259 1236 1316 Ma·
1257 1264 1275 1317 a

275 1349 332 1406 rius
355 1350 544 1415 Gratidianus,
567 1350 743 1425 propinquus
764 1356 868 1415 noster,
883 1349 916 1406 O.
939 1349 1039 1425 Sergio
1053 1348 1151 1406 Oratae
1169 1367 1236 1406 ven·

275 1439 385 1496 diderat
399 1439 474 1495 redes
488 1457 544 1503 eas,
557 1456 627 1513 quas
641 1439 678 1494 ab
692 1438 792 1494 eodem
807 1437 868 1513 ipse
882 1437 979 1514 paucis
989 1445 1056 1494 ante
1069 1437 1148 1494 annis
1161 1456 1236 1494 emo·

274 1537 327 1586 rat.
376 1529 426 1584 Eae
453 1528 627 1585 serviebant:
663 1527 715 1584 sed
743 1529 797 1584 hcc
825 1528 854 1583 in
887 1527 1027 1603 mancipio
1055 1528 1161 1584 Marius
1180 1545 1238 1584 non

276 1617 391 1674 dixerat.
427 1616 565 1674 Adducta
575 1635 620 1672 ras
631 1616 659 1672 in
666 1615 805 1692 judicium
814 1623 865 1672 est.
895 1614 1013 1672 Oratam
1025 1615 1154 1683 Crassus,
1164 1616 1236 1672 Gra·
1252 1621 1290 1674 la

275 1706 411 1762 tidianum
426 1706 596 1762 defendebat
610 1705 761 1762 Antonius.
802 1705 857 1762 Jus
872 1704 992 1760 Crassus
1012 1705 1142 1781 urgebat,
1159 1704 1236 1780 qnod

275 1795 333 1852 vitii
346 1795 474 1852 venditor
487 1814 542 1852 non
556 1794 672 1850 dixisset
685 1794 784 1858 sciens,
796 1793 826 1850 id
836 1802 968 1868 oportere
983 1793 1127 1868 prestari:
1150 1793 1235 1870 arqui·

275 1891 363 1941 tatem
389 1884 540 1950 Antonius,
570 1883 702 1958 quoniam
729 1882 758 1938 id
779 1882 878 1938 vitium
905 1882 1036 1959 ignotum
1057 1881 1160 1960 Sergio
1180 1901 1237 1939 non

275 1973 382 2040 fuisset,
397 1973 444 2049 qui
465 1974 526 2030 illas
541 1972 622 2028 aedes'
632 1972 813 2037 vendidisset,
830 1971 897 2028 nihil
920 1972 1007 2028 fuisse
1030 1990 1145 2030 necesse
1165 1972 1236 2029 dici:

275 2081 325 2118 uec
340 2081 405 2119 cum
420 2080 480 2118 esse
495 2061 656 2137 deceptum,
671 2061 720 2136 qui
734 2061 771 2126 id,
784 2059 862 2136 quod
874 2068 991 2128 emerat,
1006 2080 1063 2138 quo
1074 2061 1139 2138 jure
1153 2069 1235 2129 esset,

275 2157 391 2208 teneret.
433 2151 561 2219 Quorsus
583 2151 666 2207 haec‘?
698 2158 731 2206 ut
753 2150 823 2207 illud
844 2150 995 2228 intelligas,
1018 2169 1076 2208 non
1096 2152 1237 2229 placuisse
1252 2156 1288 2212 ll

275 2239 429 2317 majoribus
443 2240 545 2296 nostris
560 2247 679 2297 astutos.
777 2255 780 2260 ·

302 2418 411 2476 XVII.
433 2417 492 2474 Sed
505 2417 586 2474 aliter
599 2414 687 2493 leges,
702 2416 783 2472 aliter
805 2416 966 2492 philosophi
986 2417 1090 2474 tollunt
1110 2418 1237 2476 astutias.

276 2506 376 2585 Leges,
391 2515 529 2583 quatenus
543 2509 738 2562 manutenere
760 2512 893 2578 possunt;
914 2504 1083 2581 philosophi,
1098 2514 1238 2580 quatenus

276 2598 383 2654 ratione
405 2605 434 2654 et
456 2595 648 2672 intelligentia.
691 2593 775 2649 Ratio
795 2611 864 2668 ergo
886 2593 1021 2667 postulat,
1036 2594 1153 2670 nequid
1172 2596 1236 2652 insi·

277 2685 362 2752 diose,
384 2704 419 2742 ne
440 2685 508 2762 quid
533 2684 672 2748 simulate,
689 2701 724 2738 ua
745 2681 813 2758 quid
837 2682 981 2739 fallaciter.
1023 2682 1133 2740 Suntne
1153 2684 1270 2760 igiturt

276 2775 382 2832 insidiae
403 2775 518 2832 tendere
532 2774 642 2850 plagas,
657 2771 767 2828 etiamsi
787 2771 958 2828 excitaturus
973 2789 1030 2829 non
1049 2773 1087 2829 sis
1107 2791 1159 2830 nec
1179 2774 1237 2851 agi-

277 2866 410 2921 taturus?
452 2865 526 2940 Ipsae
549 2863 623 2920 enim
640 2861 708 2918 ieroe
727 2860 805 2918 nullo
825 2860 988 2935 insequente
1006 2880 1082 2939 sape
1103 2861 1237 2920 incidunt.

277 2953 323 3012 Sic
347 2962 380 3010 tu
401 2952 477 3010 oedes
498 2952 664 3029 proscribas,
687 2951 823 3017 tabulam,
846 2957 992 3027 tamquam
1013 2953 1123 3030 plagas,
1138 2971 1237 3029 ponas,

277 3042 393 3099 domum
415 3053 531 3118 propter
545 3041 612 3098 vitia
626 3041 740 3106 vendas,
754 3040 783 3096 in
797 3059 861 3097 eam
874 3040 974 3116 aliquis
990 3041 1119 3100 incurrat
1132 3042 1237 3119 impru-

277 3130 369 3188 dens?
405 3131 468 3188 Hoc
478 3149 651 3206 quamquam
661 3130 743 3186 video
754 3139 871 3207 propter
879 3130 1110 3207 depravationem
1120 3150 1236 3188 consue·
1253 3137 1271 3190 3

277 3220 381 3277 tudinis
402 3238 493 3296 neque
502 3231 584 3276 'mora
605 3226 690 3295 turpe
708 3219 815 3285 haberi,
830 3238 921 3296 neque
935 3227 985 3277 aut
998 3220 1062 3298 lege
1076 3221 1176 3277 sanciri
1189 3227 1239 3276 aut

274 3310 338 3386 jure
350 3309 437 3366 civili:
454 3316 548 3365 tamen
558 3319 667 3364 natura
678 3309 741 3384 lege
752 3315 882 3364 sanctum
893 3316 944 3366 est.
975 3309 1102 3366 Societas
1111 3315 1155 3364 est
1165 3309 1239 3366 enim
1253 3314 1272 3366 4

279 3395 368 3476 (quod
392 3397 445 3454 etsi
469 3397 672 3471 saepedictum
693 3405 745 3463 est,
761 3397 913 3454 dicendum
935 3406 1031 3454 tamen
1055 3403 1099 3452 est
1123 3396 1239 3475 saepius)

277 3486 412 3543 latissime
432 3485 546 3560 quidem
567 3503 630 3560 qua
653 3493 759 3560 pateat,
774 3485 920 3543 hominum
941 3486 1014 3542 inter
1036 3484 1179 3550 homines;
1199 3486 1239 3542 in-

277 3575 362 3632 terior
382 3593 488 3640 eorum,
503 3574 552 3649 qui
572 3574 701 3650 ejusdcm
721 3575 815 3651 gentis
835 3580 919 3639 sunt;
941 3573 1056 3650 propior
1070 3591 1177 3639 eorum,
1191 3575 1241 3650 qui

277 3663 407 3741 ejusdem
421 3663 547 3721 civitatis.
588 3665 690 3739 Itaque
711 3663 834 3740 majores
848 3660 926 3718 aliud
943 3661 992 3739 jus
1011 3660 1148 3738 gentium,
1162 3662 1272 3724 aliud5
