2692 4292
161 299 200 354 tt
315 365 322 380 ,
574 307 613 348 nn
627 306 754 348 omens

213 447 287 500 taret
307 460 337 498 se
352 439 453 508 volere,
469 439 492 497 si
512 438 632 516 proximi
651 436 774 495 membri
793 435 985 494 valetudinem
1003 434 1045 492 ud
1063 453 1097 493 se
1115 441 1182 492 tro·

214 531 349 596 duxisset,
361 529 499 588 debilitari
509 537 539 586 et
549 528 660 586 interire
672 535 767 585 totum
778 545 883 602 corpus
892 544 1007 584 necesse
1017 533 1109 583 esset:
1124 525 1181 592 sic,

213 620 237 680 ai
251 639 324 678 unus
337 620 455 696 quisque
468 627 596 676 oostmm
609 618 646 674 ad
660 635 691 674 se
705 617 798 692 rapiat
815 616 967 674 commoda
979 616 1110 681 aliorum,
1124 615 1181 672 de·

213 710 363 785 trahatque
374 710 450 785 quod
464 709 565 784 cuique
580 707 678 784 possit,
688 705 871 764 emolumenti
884 706 929 762 sui
941 707 1043 783 gratia,
1054 704 1181 761 societas

181 803 200 856 4
213 799 356 856 bominum
371 807 400 856 et
414 798 600 856 communitas
614 803 758 853 evertatur
770 814 886 853 necesse
898 805 950 852 eet.
985 795 1064 851 Nam
1076 795 1130 852 eibi
1141 800 1181 850 ιιι

214 887 333 964 quisque
347 887 434 954 malit,
449 887 526 963 quod
540 887 577 943 ad
592 905 677 944 usum
690 886 756 942 vitm
770 886 919 962 pertineat,
932 903 1019 960 quam
1032 884 1116 940 alteri
1128 902 1178 940 ac·

214 978 332 1054 quirere,
347 995 511 1035 concessum
525 983 577 1042 est,
588 994 644 1032 non
659 983 835 1052 repugnante
848 982 966 1031 notura:
987 973 1060 1030 illud
1073 980 1180 1030 nutura

214 1085 270 1124 non
282 1067 397 1144 patitur,
408 1075 441 1123 ut
451 1067 568 1122 eliorum
580 1065 676 1142 spoliis
688 1071 800 1121 nostras
813 1063 973 1129 facultates,
987 1062 1094 1139 copias,
1105 1081 1178 1138 opes

181 1163 378 1233 taugeamue.
422 1156 523 1231 Neque
537 1173 606 1212 vero
614 1155 674 1211 hoc·
683 1154 776 1210 solum
789 1161 900 1220 natura,
913 1152 944 1210 id
963 1158 1008 1209 est
1026 1153 1092 1228 jure
1105 1170 1178 1228 geu-

196 1227 202 1241 ⁸
214 1245 292 1310 tium,
307 1245 358 1301 sed
372 1245 456 1300 etiam
471 1245 580 1322 legibus
595 1244 776 1320 populorum,
790 1243 892 1318 quibus
905 1241 934 1298 in
947 1242 1065 1318 singulis
1078 1240 1178 1298 civita-

213 1333 289 1390 tibus
304 1351 348 1389 res
363 1333 477 1409 publica
491 1333 657 1400 continetur,
670 1332 771 1389 eodem
785 1331 871 1388 modo
880 1331 1067 1388 constitutum
1077 1336 1131 1396 est,
1143 1336 1179 1387 ut

182 1427 199 1481 t
214 1441 269 1478 non
282 1420 366 1478 liceat
380 1422 423 1478 sui
437 1423 579 1480 commodi
598 1439 685 1478 cauea
697 1439 801 1478 nocero
812 1420 901 1478 alteri.
942 1419 1007 1476 Hoc
1020 1420 1096 1477 euim
1109 1438 1177 1495 spc-

155 1516 159 1526 '
213 1517 291 1569 ctant
300 1511 387 1588 leges,
394 1511 446 1568 lroo
455 1512 561 1578 volunt,
572 1511 741 1568 incolumem
752 1527 815 1566 esse
824 1509 928 1566 civium
934 1508 1176 1585 conjunctionem:

214 1619 299 1678 quum
311 1600 359 1677 qui
369 1600 510 1667 dirimunt,
522 1619 571 1657 eos
584 1607 684 1664 morte,
695 1598 787 1665 exilio,
798 1599 905 1665 vinclis,
916 1599 1020 1655 damno
1034 1604 1176 1656 coercent

182 1689 199 1749 'l
214 1692 313 1768 Atque
336 1691 389 1747 hoc
411 1691 502 1747 multo
522 1691 614 1767 magis
635 1689 721 1746 efficit
739 1688 803 1763 ipse
821 1695 933 1744 naturae
950 1688 1031 1754 ratio,
1045 1706 1111 1764 quoe
1130 1694 1178 1744 eet

213 1780 259 1838 lex
273 1781 366 1839 divina
380 1785 409 1838 et
422 1781 554 1845 humana,
570 1777 615 1835 cui
629 1796 729 1854 parere
742 1778 791 1853 qui
804 1777 873 1834 velit
887 1775 998 1854 (omnes
1011 1785 1108 1833 eutem
1123 1797 1175 1854 po-

201 1872 325 1951 urebunt,
339 1871 387 1947 qul
401 1869 558 1926 secundum
572 1875 703 1924 naturam
711 1867 809 1924 volent
818 1864 924 1943 vivere)
938 1884 1083 1943 nunqnam
1097 1885 1176 1923 com-

213 1959 315 2026 mittet,
330 1967 363 2016 ut
382 1959 504 2016 alienum
524 1965 650 2034 appetet,
665 1963 698 2014 et
708 1957 746 2022 id,
762 1956 840 2032 quod
852 1955 933 2012 alteri
946 1955 1106 2022 detraxerit,
1121 1956 1177 2014 sibi

182 2053 200 2105 8
214 2055 347 2104 assumat.
382 2048 494 2104 Etenim
508 2047 598 2104 multo
612 2047 704 2123 magis
714 2054 759 2103 est
768 2044 926 2103 secundum
938 2053 1070 2102 naturam
1083 2046 1176 2102 excel-

214 2135 281 2194 sitas
295 2136 379 2194 animi
393 2141 422 2194 ct
435 2136 610 2215 magnitudo,
626 2136 751 2212 itemque
764 2135 961 2203 communitas,
973 2135 1091 2212 justitia,
1105 2135 1176 2192 libe·

214 2225 318 2294 ralitas,
334 2245 419 2304 quam
440 2227 580 2304 voluptas,
601 2243 687 2303 quam
707 2226 775 2291 vita,
790 2243 877 2302 quem
890 2225 1013 2282 divitiae:
1034 2243 1099 2302 quae
1112 2225 1175 2301 qui·

215 2314 280 2372 dem
294 2325 473 2374 contemnere
487 2323 516 2372 et
531 2333 583 2392 pro
595 2315 682 2372 nihilo
692 2314 805 2380 ducere,
817 2322 1028 2391 compmantem
1042 2333 1107 2372 cum
1119 2315 1176 2371 uti·

183 2411 201 2464 9
215 2405 293 2462 litate
304 2405 454 2472 communi,
465 2404 561 2482 magni
572 2404 656 2461 animi
666 2411 697 2460 et
706 2405 810 2462 excelsi
822 2413 875 2463 est
910 2405 1068 2462 Detrahere
1076 2411 1176 2462 autem

215 2495 251 2551 de
262 2495 350 2552 altero
361 2495 403 2552 sui
418 2493 558 2552 commodi
569 2511 663 2561 causa,
675 2494 766 2571 magis
776 2500 820 2552 est
830 2500 928 2551 contra
937 2501 1075 2559 naturam,
1086 2511 1175 2569 quam

164 2587 201 2640 10
215 2603 298 2650 mors,
314 2603 400 2660 quam
414 2584 504 2650 dolor,
519 2601 604 2659 qnam
622 2591 716 2640 cetera
736 2582 848 2660 generis
865 2582 1003 2658 ejusdem.
1044 2583 1175 2658 Itemque

214 2673 305 2750 magis
319 2679 363 2729 est
376 2673 532 2730 secundum
545 2679 686 2737 naturam,
701 2689 754 2746 pro
770 2671 899 2729 omnibus
916 2671 1058 2748 gentibus,
1072 2672 1096 2727 si
1115 2671 1175 2730 fiori

215 2761 312 2839 possit,
327 2761 523 2819 conservandis
537 2768 587 2817 aut
598 2759 732 2837 juvandis
746 2760 883 2818 maximos
895 2759 1008 2818 labores
1017 2760 1175 2817 molestias·

216 2868 271 2925 que
294 2850 444 2926 suscipere,
465 2849 624 2907 imitantem
645 2849 799 2906 Herculem
818 2849 907 2916 illum,
922 2868 1008 2926 quem
1028 2849 1173 2908 hominum

215 2937 299 3003 lama,
315 2939 512 2996 beneficiorum
531 2957 648 3005 memor,
663 2938 693 2996 in
710 2937 828 2996 cmrcilio
845 2939 1004 2998 ooelestium
1017 2938 1173 3006 collocavit,

217 3045 302 3103 quam
317 3027 412 3086 vivere
427 3027 454 3085 in
469 3027 627 3094 solitudine,
642 3046 699 3084 non
716 3027 803 3084 modo
816 3027 876 3085 sine
888 3027 953 3086 ullis
965 3027 1108 3094 molestiis,
1122 3026 1174 3084 sed

216 3115 301 3174 etiam
319 3116 349 3173 iu
361 3117 488 3174 maximis
501 3117 704 3194 voluptatibus,
718 3115 912 3174 abundantem
930 3116 1060 3174 omnibus
1077 3116 1174 3192 copiis,

166 3211 200 3264 11
216 3214 249 3263 ut
262 3206 382 3262 excellas
396 3207 480 3264 etiam
494 3207 704 3282 pulchritudine
711 3214 747 3264 et
759 3207 873 3264 viribus.
915 3205 1054 3275 Quocirca
1066 3206 1176 3282 optimo

216 3296 334 3374 quisque
356 3303 385 3352 et
408 3295 635 3372 splendidissimo
658 3295 770 3373 ingenio
794 3296 879 3374 longe
900 3296 977 3353 illum
996 3295 1085 3352 vitam
1109 3295 1175 3353 huic

166 3391 202 3444 12
217 3385 369 3462 anteponit.
411 3384 454 3440 Ex
474 3403 531 3460 quo
551 3384 680 3450 efficitur,
703 3384 846 3442 hominem
866 3393 976 3442 naturae
997 3384 1177 3442 obedientem

165 3481 201 3533 1³
217 3475 322 3534 bomini
335 3493 436 3532 nocere
449 3491 504 3530 nou
518 3491 609 3550 posse.
645 3473 755 3530 Deinde
768 3473 817 3549 qui
831 3474 952 3531 alterum
963 3473 1057 3540 violat,
1068 3480 1102 3529 ut
1113 3472 1177 3548 ipsa

216 3565 322 3642 aliquid
344 3563 485 3622 commodi
506 3569 704 3640 consequatur,
718 3568 771 3618 out
789 3562 858 3620 nihil
878 3562 1021 3620 existimat
1038 3581 1069 3619 se
1081 3561 1177 3620 iacere

216 3662 315 3714 couno
327 3661 477 3722 nntmem3
497 3660 549 3712 aut
561 3652 653 3731 magis
665 3651 831 3730 fugiendum
843 3657 940 3710 censet
955 3657 1086 3718 mortem,
1105 3668 1177 3730 puu-
