2692 4292
174 311 214 368 80
588 322 626 362 na
641 321 768 362 omens

226 453 292 522 niet,
306 453 436 512 nimirum
451 451 655 510 Themistocles
669 459 714 509 est
726 459 827 509 auctor
846 450 1040 518 adhibendua;
1061 450 1194 528 quicum

226 544 427 608 consuleretur,
439 551 536 600 utrum
552 543 626 600 bono
640 541 700 598 viro
714 541 840 618 pauperi,
856 559 893 597 an
906 541 997 597 minus
1012 543 1135 618 probato
1148 541 1193 598 di-

226 632 278 690 viti
298 632 383 690 filiam
404 632 572 690 collocaret:
594 633 657 709 Ego
671 650 747 696 vero,
761 631 859 705 inquit,
872 631 949 687 malo
963 631 1063 697 virum,
1079 631 1127 706 qui
1142 649 1193 706 pe-

175 727 210 780 11
226 721 308 780 cunia
320 729 413 799 egeat,
428 740 514 798 quam
528 721 685 798 pecuniam,
696 739 762 797 quae
776 720 843 777 viro.
883 719 943 777 Sed
957 720 1084 796 corrupti
1097 739 1194 776 mores

161 836 166 846 ·
227 811 429 889 depravatique
445 817 511 869 sunt
531 811 717 868 admiratione
730 809 898 866 divitiarum.
941 809 1069 877 Quarum
1083 810 1193 886 magni-

176 906 212 960 12
228 901 298 958 tudo
312 901 380 978 quid
395 901 431 958 ad
446 919 677 977 unumquemque
696 907 827 957 nostrum
848 900 994 977 pertinet?
1035 900 1122 957 Illum
1135 901 1194 957 ior-

228 997 303 1048 taese
317 990 444 1069 adjuvat,
460 990 509 1066 qui
523 990 626 1047 habet:
649 1008 685 1047 ne
698 988 728 1046 id
742 988 857 1064 quidem
871 1007 1001 1066 semper:
1022 989 1074 1046 sed
1088 989 1134 1046 iac
1146 990 1193 1066 ju-

177 1084 213 1139 la
229 1099 312 1148 vare;
334 1081 457 1138 utentior
471 1099 538 1136 saue
552 1080 589 1137 sit
601 1099 607 1146 ;
629 1079 774 1136 honestior
787 1097 855 1137 vero
874 1077 1042 1156 quomodo?
1084 1078 1195 1147 Quodsi

228 1170 313 1227 etiam
327 1170 418 1226 bonus
429 1169 482 1227 erit
495 1169 544 1236 vir,
560 1187 595 1226 ne
609 1169 765 1245 impediant
777 1167 891 1234 divitiae,
904 1169 1055 1244 quominus
1067 1169 1193 1245 juvetur,

228 1258 314 1316 modo
329 1277 365 1316 ne
379 1259 532 1336 adjuvent;
553 1259 646 1336 sitque
667 1277 751 1315 omne
770 1258 916 1334 judicium,
931 1277 988 1315 non
1007 1277 1094 1334 quam
1115 1259 1195 1315 locu-

178 1351 215 1406 14
230 1348 300 1424 ples,
316 1347 368 1406 sed
382 1347 472 1424 qualis
486 1348 606 1426 quisque
620 1349 665 1405 sit.
708 1349 875 1405 Extremum
897 1355 995 1404 autem
1016 1357 1196 1425 praeceptum

230 1437 258 1494 iu
272 1438 413 1496 beneficiis
428 1457 570 1515 operaque
585 1438 689 1504 danda,
703 1457 739 1494 ne
753 1437 821 1514 quid
835 1444 935 1494 contra
949 1438 1113 1513 aequitatem
1127 1457 1196 1495 con·

230 1528 341 1595 tendas,
355 1527 473 1605 nequid
489 1547 541 1604 pro
555 1527 663 1605 injuria.
706 1527 934 1584 Fundamentum
947 1527 1021 1584 enim
1035 1535 1079 1584 est
1093 1546 1196 1604 perpe-

230 1623 289 1675 tuae
305 1617 556 1675 commendationis
576 1625 606 1675 et
629 1618 717 1674 famae
740 1617 858 1693 justitia,
873 1616 1005 1694 sineque
1016 1616 1085 1673 nihil
1099 1623 1197 1694 potest

231 1725 294 1764 csse
309 1707 461 1766 laudabile.

256 1883 336 1942 XXI.
358 1883 415 1940 Sed
430 1885 562 1960 quoniam
577 1885 613 1942 de
628 1903 662 1942 eo
676 1903 780 1962 genere
800 1886 999 1943 beneficiorum
1019 1885 1127 1942 dictum
1142 1892 1196 1953 est,

231 1991 296 2048 qum
309 1971 346 2029 ad
361 1972 487 2050 singulos
501 1981 647 2050 spectant:
664 1974 798 2050 deinceps
812 1975 848 2031 de
861 1975 903 2040 iis,
913 1993 979 2051 quae
988 1974 1026 2031 ad
1040 1975 1195 2042 universos,

200 2067 217 2120 2
231 2079 353 2136 quaequc
364 2061 400 2118 ad
411 2081 471 2118 rem
482 2063 624 2140 publicam
635 2063 784 2139 pertinent,
794 2063 998 2141 disputandum
1009 2072 1060 2121 est.
1089 2064 1197 2121 Eorum

231 2158 328 2208 autem
349 2150 475 2226 ipsorum
496 2153 600 2228 partim
619 2151 760 2230 ejusmodi
774 2161 849 2220 sunt,
863 2161 897 2210 ut
910 2153 947 2210 ad
962 2154 1107 2210 universos
1121 2154 1197 2210 cives

231 2239 399 2316 pertincant,
412 2241 514 2317 partim
528 2241 655 2320 singulos
666 2249 699 2298 ut
713 2241 863 2319 attingant,
874 2261 941 2318 quaa
953 2251 1020 2301 sunt
1033 2243 1119 2301 etiam
1132 2261 1196 2320 gra-

199 2335 216 2388 3
232 2329 310 2388 tiora.
353 2329 456 2386 Danda
470 2349 557 2408 opera
577 2338 620 2388 est
640 2331 763 2397 omniuo,
778 2332 802 2387 ai
815 2333 914 2407 possit,
930 2334 1065 2409 utrisque,
1080 2353 1132 2390 neo
1146 2332 1196 2389 mi-

231 2439 293 2489 nus,
307 2427 340 2478 ut
353 2421 437 2478 etiam
452 2420 569 2498 singulis
583 2421 764 2477 consulatur:
786 2421 838 2478 sed
851 2421 900 2487 ita,
914 2429 948 2478 nt
961 2441 995 2478 ea
1008 2442 1053 2479 res
1067 2430 1118 2479 aut
1132 2441 1195 2498 pro·

199 2513 218 2568 4
232 2511 276 2577 sit,
291 2520 341 2570 ant
361 2519 438 2569 certe
453 2529 488 2568 ne
502 2510 577 2567 obsit
591 2510 630 2567 rei
645 2510 775 2586 publicae.
818 2511 852 2567 Ο.
870 2512 994 2568 Gracchi
1014 2511 1197 2569 frumentaria

231 2619 335 2678 magna
344 2601 453 2678 largitio
465 2620 471 2668 ;
486 2600 670 2656 exhauriebat
681 2599 766 2677 igitur
777 2600 923 2667 aerarium;
938 2601 1050 2658 modica
1060 2601 1098 2658 M.
1112 2601 1196 2658 Oeta-

232 2690 277 2755 vii,
303 2697 342 2760 et¹
356 2691 395 2746 rei
420 2691 543 2767 publicae
564 2690 727 2756 tolerabilia,
747 2697 778 2746 et
798 2689 874 2766 plebi
894 2691 1058 2757 necessaria,
1080 2697 1197 2768 ergoet

200 2786 217 2836 ὅ
233 2777 338 2836 civibus
352 2785 381 2835 et
395 2780 435 2836 rei
449 2780 569 2857 publice
583 2779 721 2838 salutaris.
764 2780 798 2836 In
817 2780 914 2855 primis
935 2788 1030 2838 autem
1044 2779 1197 2838 videndum

233 2866 286 2924 erit
299 2867 332 2932 ei,
348 2868 469 2942 quirem
485 2870 628 2946 publicam
648 2869 912 2937 administrabitur
926 2889 1009 2926 suum
1024 2870 1142 2946 quisque
1156 2878 1196 2926 te·

201 2959 219 3012 t
233 2961 307 3021 neat,
320 2975 410 3032 neque
420 2957 457 3014 de
468 2959 548 3015 bonis
559 2959 735 3034 privatorum
749 2959 863 3035 publice
877 2959 1034 3016 deminutio
1043 2959 1100 3016 fiat.
1130 2960 1197 3016 Per-

233 3043 335 3101 niciose
350 3046 423 3103 enim
437 3046 588 3124 Philippus
602 3048 630 3105 in
641 3049 794 3115 tribunatu,
804 3068 870 3105 cum
883 3049 978 3126 legem
991 3048 1130 3126 agrariam
1143 3049 1197 3106 ler-

233 3139 285 3199 ret,
300 3152 387 3209 quam
407 3143 503 3193 tamen
524 3137 664 3213 antiquari
684 3137 766 3194 facile
788 3156 889 3214 passus
909 3147 962 3204 est,
978 3147 1008 3194 et
1025 3138 1053 3196 in
1066 3158 1101 3197 eo
1114 3139 1197 3195 vehe-

233 3231 343 3280 menter
365 3242 395 3280 se
415 3224 595 3284 moderatum
616 3227 764 3304 praebuit:
785 3227 838 3285 sed
858 3247 924 3286 cum
936 3229 965 3285 in
979 3229 1091 3307 agendo
1110 3228 1199 3285 multa

235 3313 419 3391 populariter,
434 3321 496 3370 tum
517 3314 587 3371 illud
608 3315 691 3382 male,
705 3335 762 3374 non
781 3335 844 3374 esse
864 3318 892 3375 in
914 3318 1027 3376 civitate
1048 3319 1106 3375 duo
1125 3317 1199 3374 milia

202 3402 219 3462 'l
234 3403 389 3471 homiuum,
404 3403 453 3480 qui
473 3421 534 3460 rem
554 3403 701 3462 haberent.
742 3406 880 3483 Capitalis
897 3409 996 3475 oratio,
1011 3407 1091 3465 etad
1106 3425 1197 3484 aequa·

234 3494 340 3552 tionem
362 3494 501 3552 bonorum
522 3494 666 3571 pertinen
678 3513 684 3550 z
706 3514 765 3571 qua
778 3505 858 3573 peste
872 3515 937 3573 quae
957 3505 1127 3575 potestesse
1141 3515 1198 3553 ma-

203 3583 303 3662 Bjor‘l
339 3583 421 3643 Hanc
442 3585 515 3642 enim
535 3585 573 3642 ob
593 3601 708 3642 causam
729 3585 860 3653 maxime,
874 3594 908 3643 ut
922 3605 974 3644 sua
987 3593 1141 3652 tuerentur,
1156 3604 1200 3644 rea

204 3675 222 3728 9
238 3672 360 3749 publicar
373 3673 558 3751 civitatesque
572 3673 734 3732 constitutio
747 3681 822 3732 sunt.
858 3675 935 3733 Nam
947 3676 1001 3734 etsi
1013 3675 1087 3734 duce
1099 3683 1201 3734 natura
