2692 4292
132 327 190 382 100
543 335 581 376 na
596 335 725 376 camena

131 471 167 528 la
182 465 417 526 cedmmoniorum
426 484 497 542 opes
506 483 621 522 necesse
635 470 718 522 esset.
761 462 848 532 Quod
859 462 1001 521 Aristides
1015 480 1082 521 cum
1096 479 1147 520 aa·

181 557 277 622 disset,
302 555 330 612 in
358 555 520 612 concionem
547 573 652 632 magna
680 553 878 630 expectatione
897 554 983 619 venit,
1008 553 1147 629 dixitque,

181 645 301 721 perutile
317 663 378 700 esse
400 643 553 708 consilium,
573 642 651 719 quod
665 642 870 698 Themistocles
890 641 1013 708 afferret,
1029 643 1081 699 sed
1094 642 1145 698 mi·

181 733 255 790 nime
270 733 429 792 honestum.
471 733 573 808 Itaque
594 731 794 798 Athenienses,
815 731 895 807 quod
915 731 1069 789 honestum
1089 751 1148 788 non

181 829 265 888 esset,
273 821 302 878 id
312 841 347 880 ne
356 823 424 880 utile
433 820 548 898 quidem
555 826 741 895 putaverunt:
757 827 904 896 totamque
912 838 1052 887 eamrem,
1060 839 1148 896 quam

131 914 167 968 la
183 929 218 968 ne
233 911 380 968 audierant
390 911 513 987 quidem,
523 915 639 966 auctore
648 909 775 966 Aristide
784 909 1015 986 repudiaverunt.
1045 909 1148 966 Melius

181 999 219 1068 hi,
229 1019 315 1076 quam
324 1019 385 1067 nos,
394 999 442 1077 qui
452 999 560 1077 piratas
568 998 717 1066 immunes,
729 998 821 1055 accim
834 997 989 1078 vectigales
997 999 1147 1056 habemus.

221 1177 289 1234 XII.
311 1177 425 1234 Maneat
435 1195 513 1255 ergo,
528 1175 605 1254 quod
620 1183 704 1252 turpe
718 1175 764 1243 sit,
778 1175 809 1234 id
822 1195 967 1254 nunquam
981 1195 1044 1234 esse
1057 1177 1148 1244 utile;

181 1283 218 1322 ne
232 1271 295 1322 tum
315 1265 438 1342 quidem,
454 1285 519 1323 eum
540 1265 578 1332 id,
593 1265 670 1342 quod
691 1283 754 1323 esse
776 1265 846 1322 utile
870 1273 964 1342 putes,
979 1266 1147 1343 adipiscare.

182 1352 246 1410 Hoc
260 1353 334 1412 enim
344 1355 437 1432 ipsum
448 1355 516 1412 utile
528 1361 638 1431 putare,
650 1354 729 1431 quod
738 1360 824 1432 turpe
832 1355 878 1422 sit,
888 1355 1084 1412 calamitosum
1092 1362 1147 1412 est.

150 1448 167 1500 2
183 1441 240 1500 Sed
253 1443 388 1510 incidunt,
403 1452 436 1502 ut
450 1443 616 1521 supradixi,
631 1461 709 1520 saepe
722 1462 826 1511 causta,
841 1463 907 1501 cum
917 1462 1078 1521 repugnare
1091 1445 1147 1501 uti-

181 1531 246 1590 litas
260 1532 401 1590 honestati
415 1533 552 1600 videatur,
567 1539 600 1590 ut
613 1533 896 1590 animadvertendum
908 1532 953 1599 sit,
967 1541 1148 1610 repugnetne

150 1625 167 1678 8
182 1621 274 1698 plane,
289 1640 326 1680 an
340 1622 431 1699 possit
445 1641 511 1679 cum
529 1622 679 1680 honestate
701 1623 844 1700 conjungi.
885 1623 956 1699 Ejus
976 1623 1087 1699 generis
1100 1623 1149 1679 has

182 1717 249 1767 sunt
269 1712 457 1786 quastiones:
480 1711 519 1778 si,
539 1711 662 1789 exempli
681 1713 781 1789 gratia,
796 1712 839 1769 vir
852 1713 944 1770 bonus
964 1711 1149 1769 Alexandrea

182 1797 317 1856 Rhodum
335 1819 471 1878 magnum
490 1801 624 1858 frumenti
643 1820 794 1858 numerum
814 1801 963 1859 advexerit
976 1802 1004 1859 in
1018 1801 1150 1859 Rhodio:

182 1905 246 1943 rum
267 1887 361 1964 inopia
383 1889 508 1946 etfama
530 1908 697 1966 summaque
720 1909 839 1947 annonae
863 1891 998 1958 caritate3
1022 1891 1047 1948 si
1069 1891 1148 1948 idem

183 1974 261 2040 sciat,
277 1976 439 2052 complures
459 1985 629 2036 mercatores
651 1978 835 2035 Alexandrea
855 1979 980 2047 solvisse,
1001 1997 1148 2056 navesque

181 2062 210 2120 in
225 2081 319 2131 cursu,
333 2064 475 2123 frumento
489 2074 613 2134 onustas,
623 2074 754 2143 petentes
767 2067 903 2126 Rhodum
916 2069 1033 2125 viderit:
1055 2069 1146 2126 dictu-

182 2169 268 2208 rusne
282 2152 318 2210 sit
331 2152 361 2211 id
376 2154 505 2222 Rhodiis,
520 2174 557 2212 an
577 2155 687 2213 silentio
710 2174 895 2232 enumquam
914 2158 1035 2233 plurimo
1049 2158 1146 2216 vendi-

149 2243 286 2300 etune?
327 2243 493 2322 Sapientem
507 2253 537 2302 et
550 2246 657 2303 bonum
671 2245 764 2302 virum
776 2246 927 2323 fingimus:
949 2247 986 2304 de
999 2247 1062 2323 ejus
1076 2247 1147 2304 deli-

183 2331 327 2390 beratione
340 2342 370 2392 et
391 2335 595 2392 consultatione
609 2335 770 2412 quaerimus,
786 2335 835 2410 qui
855 2335 997 2392 celaturus
1017 2336 1147 2394 Rhodios

183 2423 299 2490 nonsit,
314 2423 380 2482 siid
402 2430 486 2501 turpe
504 2423 621 2500 judicet,
643 2424 695 2481 sed
715 2424 836 2491 dubitet,
857 2441 894 2480 an
914 2430 999 2501 turpe
1022 2444 1079 2482 non
1100 2426 1145 2483 sit.

151 2511 219 2570 ⁶111
241 2512 405 2589 hujusmodi
424 2512 515 2570 causis
538 2512 614 2569 aliud
636 2513 758 2590 Diogeni
778 2513 936 2589 Babylonio
955 2513 1042 2571 videri
1063 2515 1144 2582 solet,

183 2589 288 2678 magno
302 2609 331 2659 et
344 2602 423 2679 gravi
438 2602 549 2659 Stoico:
571 2600 649 2658 aliud
669 2601 830 2678 Antipatro,
845 2601 985 2678 discipulo
1004 2603 1074 2679 ejus,
1093 2603 1144 2659 ho-

185 2689 252 2746 mini
265 2690 436 2748 acutissimo.
478 2689 641 2766 Antipatro,
656 2689 749 2746 omnia
763 2690 966 2767 patefacienda,
980 2697 1062 2747 utne
1076 2691 1145 2768 quid

185 2778 305 2846 omnino,
320 2778 399 2855 quod
413 2779 542 2838 venditor
555 2778 637 2846 norit,
652 2786 765 2855 emptor
783 2779 912 2856 ignoret;
934 2780 1063 2856 Diogeni,
1076 2799 1144 2836 ven-

184 2866 312 2935 ditorem,
334 2875 474 2944 quatenus
499 2868 564 2944 jure
590 2868 663 2925 eivili
690 2867 875 2925 constitutum
895 2867 940 2935 sit,
962 2868 1056 2925 dicere
1077 2868 1146 2924 vitia

185 2961 323 3032 oportere,
339 2963 432 3014 cetera
446 2956 505 3014 sine
519 2955 623 3014 insidiis
637 2975 741 3034 agere;
762 2964 792 3014 et
801 2956 933 3033 quoniam
947 2956 1060 3024 vendat,
1071 2956 1145 3013 velle

153 3049 271 3120 dquam
290 3043 397 3120 optime
410 3045 540 3102 vendere.
582 3045 703 3112 Advexi,
718 3045 844 3123 exposui,
858 3045 952 3103 vendo
971 3063 1068 3102 meum
1087 3064 1146 3102 non

186 3132 282 3212 pluris,
298 3151 382 3208 quam
404 3133 498 3200 ceteri,
519 3134 639 3191 fortasse
660 3135 746 3190 etiam
765 3134 887 3197 minoris,
909 3153 975 3190 cum
996 3134 1088 3210 major
1100 3141 1146 3192 est

151 3223 170 3278 7
186 3221 280 3300 copia:
293 3222 338 3278 eui
347 3221 507 3297 fitinjuria‘l
528 3223 660 3279 Exoritur
666 3222 811 3298 Antipatri
819 3224 933 3278 ratioex
945 3221 1035 3278 altera
1043 3229 1143 3298 parta:

186 3311 261 3382 Quid
276 3309 338 3368 ais‘?
379 3311 430 3376 Tu,
446 3329 510 3367 cum
525 3311 686 3368 hominibus
706 3312 851 3368 consulere
871 3311 984 3377 debeas,
999 3316 1029 3367 et
1042 3311 1145 3368 servire

185 3403 317 3460 hnmanae
330 3399 466 3466 societati,
481 3417 571 3475 eaque
590 3399 654 3475 lege
673 3406 758 3455 natus
777 3399 824 3466 sis,
840 3406 869 3455 et
889 3417 923 3456 ea
943 3400 1049 3456 habeas
1069 3399 1144 3475 prin-

187 3491 259 3569 cipia
272 3499 390 3558 natura,
405 3489 507 3568 quibus
521 3505 627 3564 parere,
643 3493 672 3543 et
686 3507 751 3563 quae
770 3488 850 3565 sequi
863 3487 976 3553 debeas,
992 3494 1025 3544 ut
1038 3487 1146 3545 utilitas

186 3588 237 3638 tua
250 3581 404 3638 communis
420 3579 455 3638 sit
469 3577 583 3643 utilitas,
599 3575 777 3652 vicissimque
797 3577 953 3634 communis
966 3577 1074 3633 utilitas
1094 3584 1147 3632 tua

187 3670 225 3726 sit
234 3683 248 3734 ;'
263 3669 366 3724 celabis
380 3667 515 3732 homines,
530 3664 598 3742 quid
612 3665 644 3722 iis
664 3664 739 3720 adsit
751 3664 961 3722 commoditatis
980 3673 1010 3723 et
1030 3665 1145 3743 eopiae‘l
