2692 4292
450 347 461 368 .
489 330 576 370 mann
589 331 608 370 ι.
650 330 716 370 cnr.
732 332 816 371 xum.
1128 314 1166 372 fb

146 458 236 526 liberi,
261 457 422 536 propinqui,
447 459 612 516 familiares:
643 459 695 517 sed
716 479 814 518 omues
835 459 960 516 omnium
983 458 1115 516 caritates

147 549 240 625 patria
260 567 317 605 una
338 549 490 624 complexa
510 555 572 606 est:
594 567 646 625 pro
659 569 717 625 qua
730 549 792 626 quis
806 550 899 607 bonus
912 548 1025 606 dubitet
1038 565 1117 604 mor·-

146 645 206 696 tem
226 644 372 714 oppetere,
395 637 419 694 si
436 637 463 694 ei
480 637 515 694 sit
537 637 728 716 profuturus?
770 639 834 706 Quo
855 647 899 696 est
920 637 1113 695 detestabilior
1128 641 1165 695 la

146 727 266 784 istorum
285 727 454 792 immanitas,
469 727 517 802 qui
537 727 697 785 lacerarunt
714 727 791 784 omni
811 727 917 785 scelere
938 727 1069 804 patriam,
1083 733 1113 784 et

146 815 175 872 in
189 834 223 873 ea
237 815 365 873 funditus
380 814 501 872 delenda
514 816 646 893 occupati
667 824 697 874 et
717 824 784 874 sunt
801 824 832 874 et
851 816 974 874 fuerunt.
1016 815 1075 874 Sed
1088 815 1112 874 si
1127 820 1165 874 14

147 905 289 962 contentio
303 904 436 982 quaedam
457 911 486 961 et
506 905 681 981 comparatio
702 905 760 972 fiat,
775 906 878 982 quibus
898 905 1050 981 plurimum
1062 905 1111 962 tri-

148 993 295 1052 buendum
309 993 346 1050 sit
358 993 448 1059 officii,
464 992 605 1070 principes
619 994 675 1051 sint
689 993 781 1071 patria
793 1003 823 1051 et
836 996 976 1071 parentes,
992 1012 1113 1071 quorum

147 1082 290 1142 beneficiis
309 1083 437 1140 maximis
457 1082 576 1160 obligati
594 1101 709 1140 sumus:
741 1082 862 1162 proximi
884 1082 973 1150 liberi,
996 1090 1112 1159 totaque

149 1173 263 1240 domuc,
277 1191 342 1248 quae
364 1177 476 1248 spectat
495 1172 522 1228 in
543 1191 594 1228 uos
618 1173 703 1240 solos,
715 1191 808 1250 neque
821 1171 899 1230 aliud
912 1172 1002 1230 ullum
1016 1178 1113 1250 potest

148 1263 255 1320 habere
279 1261 458 1339 perfugium:
479 1260 614 1338 deinceps
638 1262 710 1320 bcne
731 1263 929 1321 convenientes
952 1261 1110 1340 propinqui,

148 1351 318 1429 quibuscum
331 1351 487 1408 eommunis
502 1351 587 1408 etiarn
610 1351 724 1408 fortuna
745 1352 911 1429 plerumque
924 1358 976 1409 est.
1018 1352 1111 1420 Quam
1127 1355 1163 1409 15

147 1443 198 1500 ob'
207 1459 267 1498 rem
286 1438 444 1498 necessaria
465 1440 600 1517 proesidia
612 1440 679 1497 vitae
692 1440 833 1499 debentur
845 1441 879 1498 iis
896 1441 1026 1508 maxime,
1040 1459 1112 1518 quos

143 1537 214 1588 *ante
235 1529 310 1588 dixi:
331 1529 390 1586 vita
410 1535 507 1586 autem
520 1529 668 1606 victusque
691 1529 855 1597 communis,
871 1530 993 1596 consilia,
1006 1547 1111 1586 sermo-

83 1643 85 1646 ·
147 1638 208 1686 nes,
223 1617 439 1684 cohortationes,
455 1617 668 1685 consolationes,
684 1617 826 1676 interdum
840 1619 925 1675 etiam
938 1618 1112 1696 objurgatio

147 1727 200 1766 nes
212 1709 242 1765 in
255 1706 381 1765 amicitiis
395 1706 492 1784 vigent
505 1707 641 1765 maxime:
664 1715 765 1784 estque
779 1725 813 1764 ea
823 1708 1029 1786 jucundissima
1043 1707 1111 1766 arni·

149 1798 223 1865 citia,
238 1815 323 1875 quam
337 1796 490 1854 similitudo
503 1816 615 1855 morum
629 1797 801 1876 conjugavit

188 1975 300 2034 xrm.
323 1974 381 2032 ser
391 1974 420 2031 in
429 1973 473 2032 ns
482 1975 611 2033 omnibus
620 1975 716 2034 officia
724 1960 1041 2034 cerasuntensium
1049 1977 1111 2045 erc,

147 2067 217 2144 quid
239 2066 339 2143 cuique
362 2063 484 2122 maxime
507 2083 621 2122 necessa
645 2065 690 2133 sit,
710 2073 739 2122 et
759 2067 827 2143 quid
849 2067 968 2144 quisque
987 2068 1033 2124 vel
1053 2068 1112 2125 sine
1140 2075 1153 2092 ·

147 2156 230 2213 nobis
253 2162 303 2213 aut
327 2153 417 2231 possit
439 2154 580 2231 consequi,
595 2162 646 2212 aut
668 2175 725 2212 non
746 2156 843 2233 possit.
885 2157 932 2213 Ita
951 2175 1007 2213 non
1026 2157 1144 2216 iidem2

148 2253 232 2304 erunt
245 2241 483 2303 necessitudinum
497 2244 613 2321 gradus,
625 2245 675 2320 qui
687 2251 864 2322 temporum
878 2253 1000 2322 suntque
1013 2247 1112 2314 officia,

148 2355 214 2413 quse
240 2335 302 2392 aliis
324 2335 423 2411 magia,
446 2352 532 2411 quam
556 2334 615 2390 aliis
640 2334 816 2392 debeantur:
837 2341 871 2390 ut
890 2335 1011 2393 vicinum
1032 2336 1113 2392 citius

149 2425 293 2502 adjuveris
316 2424 345 2480 in
365 2425 504 2482 fructibus
527 2423 722 2501 percipiendis,
738 2441 824 2502 quam
844 2430 895 2480 aut
916 2424 1042 2490 fratrem,
1063 2431 1115 2481 aut

148 2514 324 2580 familiarem,
346 2521 384 2581 at,
408 2514 432 2572 si
455 2514 488 2571 lis
512 2515 540 2571 in
560 2513 667 2590 judicio
690 2513 735 2579 sit,
757 2512 947 2590 propinquum
969 2513 1064 2590 potius
1084 2520 1115 2571 et

149 2603 288 2670 amicum,
296 2622 381 2679 quam
395 2604 517 2661 vicinum
531 2601 698 2659 defenderis
1139 2612 1343 2683 *xj

222 2711 246 2750 ce
274 2692 372 2780 ·‘gitur
392 2700 421 2750 et
441 2692 508 2750 talia
528 2691 782 2768 circumspicienda
795 2697 861 2748 sunt
880 2690 910 2748 in
923 2691 999 2748 omni
1012 2692 1111 2761 officio,
1127 2699 1145 2752 3
1341 2690 1342 2703 ²

150 2789 180 2840 et
194 2801 209 2839 c
228 2801 281 2839 usu
299 2781 370 2839 tudo
383 2783 602 2858 exercitatioque
617 2781 764 2859 capienda,
776 2788 809 2838 ut
822 2781 889 2839 boni
902 2781 1114 2840 ratiocinatores

151 2873 305 2930 officiorum
326 2883 387 2930 esse
409 2873 556 2950 possimus,
573 2880 602 2930 et
615 2872 748 2929 addendo
769 2872 995 2949 deducendoque
1008 2874 1113 2942 videre,

150 2981 217 3040 quac
239 2962 337 3038 reliqui
356 2981 467 3020 summa
481 2964 547 3020 fiat:
569 2981 604 3020 ex
618 2981 684 3039 quo,
700 2969 838 3038 quantum
851 2962 952 3038 cuique
966 2963 1112 3031 debeatur,

151 3051 302 3130 intelligas.
344 3053 403 3110 Sed
417 3060 450 3108 ut
464 3071 515 3110 uec
535 3050 636 3109 medici
649 3069 701 3108 nec
715 3051 898 3128 imperatores
912 3070 965 3108 nec
978 3061 1113 3121 oratores,
1128 3057 1147 3110 4

152 3141 279 3218 quamvis
293 3141 361 3198 artis
381 3149 527 3218 praccepta
548 3141 734 3219 perceperint,
748 3140 899 3216 quicquam
913 3160 1017 3220 magna
1029 3142 1114 3200 laude

153 3231 273 3308 dignum
287 3231 347 3288 sine
361 3250 416 3289 usu
430 3239 459 3288 et
473 3230 670 3288 exercitatione
682 3229 815 3306 consequi
829 3238 963 3307 possunt:
979 3232 1018 3288 sic
1032 3231 1115 3290 officii

152 3318 335 3378 conservandi
350 3327 494 3396 praeccpta
508 3319 660 3398 traduntur
673 3318 721 3375 illa
734 3318 856 3394 quidem,
868 3326 901 3378 ut
910 3321 1028 3377 facimus
1043 3321 1113 3398 ipsi;

152 3410 202 3468 sed
215 3410 255 3467 rei
268 3409 436 3486 magnitudo
447 3429 481 3465 us
538 3389 654 3486 blitilde
668 3409 951 3486 exercitationemque
962 3409 1112 3466 desiderat.
1204 3440 1213 3453 ·

151 3499 249 3576 Atque
273 3498 311 3555 ab
335 3497 367 3554 iis
391 3499 485 3582 rebps,
501 3517 564 3575 quae
585 3506 651 3554 sunt
674 3498 703 3555 in
721 3498 786 3574 jure
807 3499 949 3555 societatis
968 3500 1146 3564 humanae,5

151 3586 392 3664 quemadmodum
402 3585 523 3643 ducatur
536 3587 695 3654 honestum,
706 3606 741 3644 ex
752 3606 808 3663 quo
819 3594 919 3664 aptum
929 3593 973 3644 est
982 3585 1113 3655 officium,

151 3677 219 3739 satis
231 3677 291 3735 iere
305 3675 433 3734 diximus

627 3773 644 3821 3
