2692 4292
149 337 186 394 84
288 347 304 374 ἢ
565 349 602 388 nr
623 348 750 390 orrrcns

167 479 184 540 'l
240 479 377 556 Idemque
402 479 540 557 praecipit,
565 487 598 536 nt
622 497 671 535 eos
692 477 871 534 adversarios
894 475 1097 542 existimemus,
1118 475 1171 551 qui

198 587 277 626 arma
290 579 389 626 contra
403 571 494 626 lerant
507 589 512 635 ;
528 588 583 626 non
594 587 652 635 eos,
663 566 713 644 qni
727 585 780 624 sno
791 565 900 644 judicio
913 565 986 623 tueri
999 585 1059 622 rem
1075 566 1170 642 publi·

198 677 260 716 cam
277 659 380 716 velint:
401 659 493 735 qualis
514 659 568 716 fuit
588 658 661 715 inter
680 657 714 714 P.
729 655 907 722 Africanum,
921 663 950 714 et
965 656 998 724 Q.
1018 655 1170 712 Metellum

199 749 257 806 sine
272 749 426 806 acerbitate
441 748 584 805 dissensio.

166 845 184 898 8
238 838 266 894 N
268 857 300 895 ec
314 857 381 896 vero
396 837 536 904 audiendi,
552 837 600 914 qni
614 835 740 914 graviter
759 834 875 892 inimicis
888 833 1069 892 irascendum
1084 841 1169 911 puta·

198 929 279 994 bunt,
294 928 380 1006 idque
401 927 573 1006 magnanimi
586 937 616 984 et
630 925 710 982 fortis
725 924 776 982 riri
797 943 861 982 esse
882 926 1047 983 censebunt.
1089 924 1169 981 Nihil

198 1019 272 1078 enim
286 1018 463 1084 laudabilius,
476 1017 542 1074 nihil
558 1035 663 1094 magno
678 1022 708 1072 et
721 1015 861 1093 praeclaro
872 1014 932 1072 viro
946 1014 1058 1092 dignius
1072 1014 1167 1091 placa·

167 1113 184 1167 9
199 1108 306 1166 bilitate
328 1117 414 1184 atquc
435 1107 590 1164 clementia.
633 1107 668 1162 In
682 1105 778 1163 liberis
792 1123 859 1162 vero
879 1105 993 1181 populis
1006 1113 1036 1161 et
1049 1104 1077 1161 in
1096 1104 1168 1181 juris

200 1197 391 1273 aequabilitate
414 1197 572 1254 exercenda
593 1196 679 1252 etiam
699 1203 744 1252 est
762 1195 882 1252 facilitas
896 1203 926 1252 et
939 1194 1060 1252 altitudo
1073 1192 1167 1260 animi,

199 1307 263 1363 quae
280 1285 401 1343 dicitur:
424 1305 468 1352 ne,
484 1286 506 1343 si
520 1286 675 1342 irascamur
688 1292 740 1342 ant
757 1285 955 1361 intempestive
969 1285 1169 1342 accedentibus

199 1385 249 1432 aut
263 1375 446 1452 impudenter
465 1376 641 1454 rogantibus
657 1375 686 1432 in
700 1375 895 1432 morositatem
907 1374 1035 1432 inutilem
1048 1382 1077 1430 et
1090 1373 1167 1430 odio·

148 1471 185 1523 10
200 1485 261 1522 sam
272 1465 438 1524 incidamus.
471 1467 509 1522 Et
520 1475 615 1522 tamen
626 1465 664 1522 ita
676 1464 823 1540 probanda
832 1471 876 1521 est
886 1462 1074 1520 mansuetudo
1083 1472 1168 1538 atque

200 1555 356 1623 clementia,
382 1565 414 1614 ut
438 1557 608 1614 adhibeatur
629 1555 669 1612 rei
690 1553 813 1631 publicae
835 1571 921 1610 cansa
944 1554 1087 1619 severitas,
1109 1553 1169 1609 sine

149 1650 183 1702 ll
200 1666 256 1722 qna
276 1647 464 1704 administrari
485 1647 581 1704 civitas
602 1665 658 1701 non
680 1652 783 1722 potest.
826 1643 925 1701 Omnis
946 1651 1041 1700 autem
1062 1652 1091 1700 et
1111 1642 1168 1699 ani·

199 1736 358 1793 madversio
378 1745 407 1793 et
429 1735 576 1812 castigatio
598 1735 769 1791 contumelia
782 1751 883 1790 vacare
902 1733 1004 1790 dehet:
1026 1731 1169 1810 nequead

200 1825 225 1902 ej
231 1845 270 1890 us,
283 1825 331 1900 qni
343 1826 459 1901 punitur
468 1825 589 1900 aliquem
601 1833 651 1880 aut
662 1823 755 1881 verbis
766 1823 895 1900 castigat,
908 1823 957 1880 sed
973 1822 1010 1879 ad
1024 1824 1063 1880 rei
1078 1823 1169 1900 publi·

149 1919 184 1970 12
201 1933 240 1970 cae
256 1915 404 1970 utilitatem
425 1914 529 1970 referri.
574 1914 739 1971 Cavendum
753 1923 797 1970 est
811 1914 905 1979 etiam,
921 1932 956 1970 ne
970 1915 1062 1990 major
1083 1933 1170 1990 poena

201 2023 285 2079 quam
302 2002 386 2080 culpa
401 2003 444 2068 sit,
460 2011 489 2060 et
503 2021 538 2060 ne
553 2002 651 2060 iisdem
667 2003 704 2060 de
719 2003 810 2060 causis
824 2003 869 2060 alii
891 2003 1059 2078 plectantur,
1075 2003 1121 2060 alii
1134 2022 1170 2060 ne

201 2092 382 2170 appellentur
402 2092 525 2168 quidem.
569 2093 751 2150 Prohibenda
771 2102 868 2149 autem
888 2093 1010 2150 maxime
1024 2104 1069 2150 est
1089 2095 1129 2150 ira
1141 2093 1170 2149 in

150 2188 186 2240 1³
202 2182 352 2258 puniendo.
396 2183 548 2259 Nunquam
571 2183 653 2249 enim,
669 2182 757 2240 iratus
777 2183 826 2259 qui
846 2183 962 2240 accedet
984 2183 1022 2240 ad
1045 2185 1190 2260 poenam,'

201 2272 425 2330 mediocritatem
440 2272 516 2330 illam
532 2273 648 2338 tenebit,
660 2292 726 2348 quae
738 2284 782 2328 est
796 2273 868 2330 inter
883 2271 999 2328 nimium
1010 2283 1039 2328 et
1050 2292 1169 2349 parum;

201 2382 266 2440 qnae
282 2363 376 2441 placet
391 2362 595 2441 Peripateticis,
608 2371 637 2419 et
651 2371 729 2419 recte
744 2363 854 2438 placet:
869 2361 957 2418 modo
971 2381 1006 2419 ne
1020 2362 1171 2418 laudarent

151 2458 187 2510 14
202 2454 383 2520 iracundiam,
400 2465 429 2512 et
449 2454 583 2520 dicerent,
604 2451 710 2509 utiliter
729 2471 747 2508 a
767 2461 867 2508 natura
889 2451 994 2508 datam.
1037 2452 1090 2508 Illa
1103 2471 1171 2509 vero

201 2543 331 2602 omnibns
353 2545 381 2600 in
403 2545 489 2604 rebus
510 2541 688 2620 repudianda
707 2550 760 2607 est,
781 2540 1006 2617 optandumque,
1023 2549 1056 2598 ut
1076 2542 1102 2606 ii,
1122 2542 1171 2618 qni

202 2643 332 2711 praesunt
346 2633 386 2690 rei
401 2635 532 2709 publicae,
548 2634 645 2710 legum
667 2631 771 2688 similes
785 2631 847 2697 sint,
863 2651 928 2708 quae
944 2631 981 2688 ad
996 2631 1171 2707 puniendum

201 2741 257 2779 non
271 2722 423 2788 iracundia,
439 2723 490 2780 sed
505 2723 640 2799 aequitate
655 2721 807 2778 ducuntur.

242 2901 350 2959 XXVI.
372 2901 471 2977 Atque
485 2901 570 2958 etiam
589 2901 617 2957 iu
637 2901 723 2960 rebus
744 2900 887 2977 prosperis
901 2908 931 2958 et
944 2901 981 2958 ad
995 2901 1173 2960 voluntatem

204 2999 331 3046 nostram
352 2991 503 3048 fluentibus
525 2991 687 3067 superbiam
706 3009 812 3067 magno
825 3009 919 3066 opere,
934 2991 1080 3048 fastidium
1094 3011 1170 3049 arro-

68 3103 80 3120 *
171 3080 386 3158 2gantiamque
409 3081 559 3158 fugiamus.
602 3081 678 3137 Nam
699 3087 732 3136 ut
752 3079 887 3136 adversas
907 3100 960 3147 res,
976 3082 1015 3139 sic
1030 3082 1170 3139 secundas

203 3169 388 3228 immoderate
409 3170 481 3226 serre
502 3169 623 3226 levitatis
644 3177 705 3226 est:
729 3170 923 3246 praeclaraque
937 3180 981 3228 est
995 3173 1171 3247 aeqnabilitas

203 3261 231 3319 in
245 3258 321 3316 omni
335 3257 401 3324 vita,
417 3267 447 3316 et
465 3259 541 3316 idem
563 3277 676 3335 semper
690 3260 786 3315 vultus
807 3259 966 3336 eademque
986 3260 1072 3328 frons,
1087 3271 1120 3318 nt
1134 3263 1171 3320 de

172 3358 188 3410 3
205 3352 322 3408 Socrate
333 3348 457 3424 itemque
468 3347 504 3404 de
517 3348 548 3406 O.
560 3347 650 3404 Laelio
664 3347 834 3424 accepimus.
870 3349 1034 3426 Philippum
1045 3351 1170 3427 quidem,

204 3439 394 3497 Macedonum
417 3456 523 3514 regem,
540 3437 625 3493 rebus
643 3437 732 3514 gestis
746 3446 776 3494 et
789 3439 879 3516 gloria
892 3447 1058 3516 superatum
1073 3460 1091 3496 a
1104 3441 1170 3508 filio,

171 3535 190 3587 4
204 3531 337 3588 facilitate
349 3537 378 3585 et
388 3527 563 3585 humanitate
574 3527 656 3584 video
668 3529 843 3604 superiorem
853 3529 947 3587 fnisse.
984 3531 1085 3607 Itaquc
1099 3532 1172 3590 alter

204 3639 317 3698 semper
330 3639 459 3698 magnus,
474 3619 547 3676 alter
560 3637 639 3695 saepe
659 3618 855 3695 turpissimus:
877 3629 910 3676 nt
923 3629 1000 3676 recta
1014 3621 1172 3699 praecipere

203 3709 360 3776 videantur,
381 3709 429 3784 qui
451 3715 575 3774 monent,
597 3715 638 3775 ut,
659 3717 766 3785 quanto
787 3709 947 3784 superiores
966 3719 1172 3777 sumus-tanto
