2692 4292
192 277 249 332 114
604 293 643 334 nn
657 293 787 334 ornans

242 421 333 479 XXV.
356 421 402 480 lle
416 439 452 480 ne
465 421 513 480 illa
526 421 641 500 quidem
662 421 799 500 promissa
818 420 959 480 servanda
978 426 1056 486 snut,
1072 439 1144 500 qpae
1158 439 1221 480 uon

210 516 308 568 esunt
322 509 355 568 iis
368 510 436 588 ipsis
457 511 544 578 utilia,
559 511 661 588 quibus
682 511 731 569 illa
751 510 923 588 promiseris.
962 510 1016 568 Sol
1035 510 1222 569 Phaethonti

242 599 307 666 lilio,
322 606 355 656 ut
368 599 517 658 redeamus
531 599 568 658 ad
576 601 698 667 fabulas,
709 601 853 658 iacturum
867 619 899 657 se
912 618 976 656 esse
984 599 1065 665 dixit,
1075 600 1220 676 quiequid

241 695 378 764 optasset.
420 689 547 767 Optavit,
562 689 636 747 utin
650 709 764 748 eurtum
780 690 868 765 patris
881 689 1036 746 tolleretur.
1072 689 1221 747 Sublatus

242 785 294 834 est.
336 777 434 854 Atque
448 779 471 836 is
485 789 638 855 antequam
657 779 791 846 eonstitit,
806 779 867 836 ietu
885 778 1010 836 fulminis
1030 777 1219 855 deflagravit

210 873 227 924 3
243 868 356 936 Quanto
370 868 469 925 melius
483 868 584 934 luerat,
598 868 627 926 in
641 869 696 926 boe
710 868 880 945 promissum
895 868 985 944 patris
997 886 1055 924 non
1069 886 1134 924 asse
1157 886 1219 925 ser-

242 967 340 1014 vatum
353 957 359 1014 l
400 957 483 1026 Quid,
498 957 575 1034 quod
589 958 718 1016 Theseus
730 956 826 1035 exegit
839 957 1007 1035 promissum
1020 975 1040 1014 a
1050 957 1217 1033 Neptuno?

243 1047 296 1104 Cui
310 1065 376 1104 eum
389 1055 448 1104 tres
461 1047 621 1124 optationes
631 1047 785 1125 Neptunus
799 1046 933 1114 dedisset,
943 1046 1055 1123 optavit
1066 1046 1219 1104 interitum

243 1135 393 1212 Hippolyti
407 1137 463 1202 filii,
479 1155 544 1194 oum
558 1137 581 1194 is
596 1137 670 1212 petri
684 1145 836 1214 suspectus
849 1144 926 1194 esset
940 1135 977 1193 de
990 1155 1132 1194 noverea:
1156 1155 1217 1212 quo

209 1229 341 1302 toptato
354 1225 514 1302 impetrato,
530 1226 656 1284 Theseus
671 1227 700 1284 in
714 1226 842 1284 maximis
861 1226 916 1284 fuit
936 1225 1068 1283 luctibus.
1111 1226 1216 1294 Quid?

242 1314 442 1391 Agamemnon
455 1333 522 1372 eum
542 1316 703 1374 devovisset
717 1315 829 1382 Dianas,
843 1315 921 1392 quod
934 1315 963 1372 in
976 1334 1029 1372 suo
1041 1334 1135 1392 regno
1149 1315 1215 1392 pul·

242 1403 413 1462 uberrimum
427 1411 526 1462 natum
541 1414 616 1462 esset
630 1406 679 1462 illo
692 1423 775 1472 anno,
786 1404 942 1462 immolarit
955 1404 1144 1482 Iphigeniam,
1156 1423 1217 1481 qua

241 1495 311 1553 nihil
324 1503 384 1552 erat
398 1513 433 1552 eo
446 1495 561 1572 quidem
575 1515 648 1554 auno
661 1503 762 1553 natum
773 1495 927 1572 pulchrius.
968 1494 1147 1553 Promissum
1162 1513 1215 1571 po

242 1584 299 1642 tius
312 1604 368 1642 non
383 1584 552 1652 laciendum,
568 1604 654 1662 quam
667 1593 728 1642 tam
741 1593 858 1642 tetrum
871 1584 981 1642 sueinus
1000 1583 1216 1642 admittendum

210 1675 305 1733 bfuit.
346 1675 425 1752 Ergo
446 1681 476 1732 et
501 1675 642 1751 promissa
661 1693 718 1732 non
739 1673 869 1732 facienda
888 1692 1098 1750 nonuunquam,
1120 1691 1216 1748 neque

211 1765 355 1840 dsemper
369 1764 500 1842 deposita
519 1763 675 1822 reddenda
716 1763 748 1820 Si
769 1763 897 1841 gladium
915 1763 978 1839 quis
997 1762 1077 1838 apud
1090 1769 1123 1819 te
1142 1779 1214 1819 sana

243 1861 338 1910 mente
353 1853 525 1929 deposuerit,
541 1861 653 1931 repetat
673 1852 831 1920 insaniens;
851 1852 973 1910 reddere
993 1860 1146 1929 peecatum
1167 1851 1214 1918 sit,

212 1939 367 1999 'loffieium
390 1961 446 1998 non
468 1943 595 2000 reddere.
637 1943 722 2011 Quid,
737 1942 761 1998 si
784 1942 817 2008 is,
838 1942 887 2019 qui
906 1941 986 2018 apud
1007 1949 1036 1998 te
1060 1942 1213 2018 pecuniam

244 2030 415 2106 deposuerit,
428 2032 533 2089 bellum
542 2031 643 2090 inierat
657 2032 769 2108 patrioe,
778 2031 920 2089 reddasne
928 2030 1116 2108 depositum?
1136 2031 1212 2098 Non,

245 2119 337 2178 eredo.
380 2121 479 2178 Faeias
501 2121 577 2178 euim
599 2129 698 2178 eontra
717 2139 778 2178 rem
797 2120 950 2198 publicam,
963 2137 1030 2196 quae
1042 2119 1132 2176 debet
1150 2139 1214 2178 esse

212 2209 395 2268 Boarissima.
437 2209 483 2266 Sis
508 2211 606 2278 multa,
629 2228 695 2286 que
716 2210 837 2268 honesta
860 2217 962 2266 natura
985 2207 1119 2266 videntur
1140 2227 1213 2276 esse,

244 2299 421 2376 temporibus
436 2299 507 2356 liunt
521 2318 577 2356 non
598 2300 726 2357 honesta.
768 2300 874 2357 Faeere
895 2299 1042 2375 promissa,
1056 2306 1134 2356 stare
1147 2318 1213 2356 eon-

244 2389 344 2456 reutis‚
359 2387 479 2446 reddere
500 2389 638 2465 deposita,
654 2396 830 2446 commutata
848 2388 978 2454 utilitate,
993 2388 1065 2444 fiunt
1085 2407 1143 2444 non
1162 2388 1213 2445 bo·

212 2484 230 2538 9
244 2487 333 2536 nesta.
375 2480 420 2536 Ao
435 2478 471 2536 de
484 2478 516 2536 iis
530 2477 654 2554 quidem,
664 2497 731 2555 quae
741 2477 876 2534 videntur
888 2497 951 2534 osse
965 2477 1102 2534 utilitates
1115 2485 1214 2536 contre

242 2568 381 2645 justitiam
395 2567 572 2626 simulatione
586 2567 757 2644 prudentiae,
770 2567 839 2624 satis
852 2567 974 2624 arbitror
987 2565 1105 2624 dietum.

195 2751 232 2803 10
286 2745 345 2804 Sed
360 2746 492 2822 quoniam
512 2764 529 2801 ιι
550 2753 687 2823 quattuor
705 2744 831 2802 fontibus
854 2745 1010 2803 honestatis
1031 2745 1120 2822 primo
1141 2745 1212 2803 libro

245 2835 336 2892 offieia
349 2835 490 2901 duximus,
504 2835 533 2891 in
546 2835 652 2892 eisdem
663 2853 817 2901 versemur,
829 2854 894 2891 eum
908 2832 1081 2902 docebimus,
1093 2854 1136 2901 ea,
1147 2853 1212 2911 quae

246 2924 395 2982 videantur
408 2943 469 2982 esse
491 2925 578 2990 utilia,
594 2943 686 3000 neque
706 2924 770 2990 sint,
785 2943 872 2999 quam
892 2925 949 2981 siut
961 2925 1072 2982 virtutis
1091 2923 1209 2982 inimica

195 3019 229 3072 11
246 3011 292 3070 Ae
307 3012 343 3068 de
358 3013 508 3088 prudentia
521 3014 645 3090 quidem,
660 3033 747 3090 quam
757 3014 819 3072 vult
832 3014 935 3072 imitari
943 3015 1067 3081 malitia;
1087 3015 1210 3091 itemque

195 3108 232 3161 12
247 3102 283 3160 de
295 3101 413 3179 justitia,
425 3121 490 3179 quae
503 3121 616 3179 semper
629 3111 673 3160 est
687 3104 772 3170 utilis,
787 3103 967 3180 disputatum
985 3111 1037 3162 est.
1083 3104 1210 3180 Reliqua

246 3199 313 3250 sunt
326 3190 393 3248 duae
407 3200 503 3268 partes
518 3193 685 3260 honestatis,
700 3213 821 3269 quarum
834 3194 925 3251 altera
936 3194 965 3250 in
978 3192 1063 3250 animi
1072 3193 1209 3251 excellen·

246 3282 283 3340 tis
297 3280 491 3358 magnitudine
512 3289 541 3338 et
562 3282 727 3359 prestantia
746 3283 877 3349 cernitur,
898 3283 988 3340 altera
1006 3283 1036 3340 in
1055 3283 1208 3340 eonlorma·

246 3373 323 3432 tione
336 3378 366 3429 et
379 3370 571 3428 moderatione
586 3372 766 3430 continentias
774 3379 806 3430 et
817 3371 1020 3449 temperantius.

287 3551 397 3610 XXVI.
419 3551 497 3608 Utile
512 3549 663 3607 videbatur
677 3548 785 3606 Ulixi
806 3548 852 3627 (ut
864 3549 981 3625 quidem
1002 3555 1096 3627 poete
1111 3549 1209 3627 ungisi

247 3640 449 3718 prodiderunt:
470 3658 536 3697 nam
550 3637 628 3714 apud
643 3638 810 3706 Homerum,
825 3639 966 3716 optimum
979 3646 1134 3707 suetorum,
1148 3639 1208 3698 talis
