2692 4292
206 335 244 398 'lt
624 356 662 396 nr
677 355 804 397 orrrcns

257 491 302 544 est
312 483 394 550 enim,
403 501 488 560 quam
497 483 685 560 eloquentiam
693 483 843 561 dicimus);
857 485 908 544 sed
917 492 1012 543 tamen
1020 486 1134 547 difficile
1141 486 1224 544 dictu

258 581 309 639 cst,
324 581 430 649 quanto
444 592 528 649 opere
543 573 670 631 conciliet
683 574 792 632 animos
810 575 928 632 comitas
942 576 1149 652 affabilitasque
1162 594 1221 632 ser·

226 667 244 720 2
258 662 356 720 monis.
387 661 494 720 Extant
507 662 645 739 epistole,
660 669 690 720 et
702 663 829 739 Philippi
841 663 879 720 ad
892 664 1098 730 Alexandrum,
1112 672 1144 721 et
1156 666 1220 721 An·

165 810 167 820 ,
258 750 353 828 tipetn‘
359 749 396 806 ad
408 750 608 816 Cassandrum,
618 757 647 808 et
655 751 794 828 Antigoni
802 751 840 808 ed
850 751 1015 828 Philippum
1026 753 1123 819 lilium,
1133 753 1222 810 trium

258 839 548 918 prudentissimorum,
565 837 616 916 (sic
633 839 707 896 enim
722 839 906 916 accepimus)
920 828 1024 916 quibus
1041 841 1217 918 precipiunt,

258 936 291 986 ut
313 927 438 986 oratione
458 927 582 1005 benigna
604 927 792 985 multitudinis
810 928 918 986 animos
937 929 976 986 ad
1000 930 1219 988 benivolentiam

226 1023 243 1074 3
258 1017 388 1084 alliciant,
400 1017 558 1093 militesque
571 1015 675 1074 blande
685 1015 855 1092 appellando
865 1017 1008 1076 deliniant.
1036 1020 1110 1088 Qus
1121 1027 1218 1077 autem

257 1107 287 1165 in
300 1105 479 1164 multitudine
492 1125 558 1164 cum
574 1105 752 1162 contentione
771 1105 893 1164 habetur
904 1107 1003 1174 oratio,
1017 1127 1052 1165 ea
1065 1127 1144 1185 saepe
1157 1109 1218 1166 uni·

225 1200 244 1254 4
258 1213 368 1254 versam
382 1195 493 1252 excitat.
522 1195 628 1272 Magna
637 1201 682 1252 est
695 1194 770 1252 enim
779 1194 926 1252 admisso
936 1195 1050 1274 copiose
1063 1198 1218 1274 sapienter-

258 1303 314 1361 que
328 1283 463 1342 dicentis:
485 1301 571 1359 quem
590 1282 639 1360 qui
658 1282 786 1350 audiunt,
800 1283 958 1361 intelligere
974 1286 1060 1342 etiam
1074 1294 1104 1343 et
1117 1305 1219 1363 sapere

226 1374 323 1451 5plns
347 1391 432 1450 quam
456 1378 565 1430 ceteros
588 1371 766 1430 arbitrantur.
807 1373 839 1431 Si
861 1393 929 1432 vero
948 1374 1022 1432 inest
1043 1375 1073 1432 in
1092 1376 1220 1434 oratione

257 1463 344 1519 mixta
363 1460 511 1520 modestiae
530 1461 665 1538 gravitas,
679 1460 748 1518 nihil
761 1461 952 1520 admirabilius
964 1463 1025 1520 fieri
1038 1471 1135 1540 potest
1143 1484 1151 1532 ;
1171 1484 1219 1522 eo·

225 1557 313 1629 tque
326 1549 425 1628 magis,
441 1549 464 1608 si
478 1556 591 1607 essunt
610 1550 639 1608 in
657 1550 846 1609 adolescente.
887 1551 956 1619 Sed,
970 1572 1037 1611 cum
1058 1553 1115 1610 sint
1135 1554 1217 1629 plura

257 1660 406 1700 causarum
426 1657 538 1718 genere,
553 1657 618 1715 quae
639 1638 829 1716 eloquentiam
848 1639 1017 1708 desiderent,
1032 1642 1171 1718 multique
1191 1643 1222 1700 in

257 1737 353 1788 nostra
366 1749 396 1788 re
410 1729 524 1806 publice
535 1727 729 1786 adolescentes
738 1736 769 1786 et
777 1729 856 1805 apud
867 1729 986 1806 judices,
997 1737 1028 1788 et
1037 1731 1115 1807 apud
1126 1750 1221 1808 popu·

257 1819 325 1886 lum,
340 1825 370 1876 et
382 1817 460 1894 apud
474 1824 606 1876 senatum
619 1816 740 1874 dicendo
753 1817 868 1874 laudem
882 1819 1005 1876 assecuti
1016 1819 1079 1886 sint,
1094 1821 1221 1876 maxima

225 1907 242 1968 'l
257 1915 301 1966 est
314 1906 461 1964 admiratio
474 1905 502 1962 in
513 1902 643 1983 judiciis:
665 1925 786 1982 qnorum
800 1903 871 1964 ratio
884 1907 992 1984 duplex
1004 1915 1057 1966 est.
1091 1908 1169 1965 Nam
1182 1927 1221 1966 ex

256 1995 433 2054 accusatione
443 2002 473 2054 et
483 1995 643 2052 defensione
653 2002 780 2053 constat:
794 2014 915 2072 quarum
927 1997 981 2054 etsi
993 1996 1162 2055 laudabilior
1174 2005 1218 2056 est

225 2091 243 2144 Β
257 2083 392 2152 defensio,
408 2090 504 2142 emen
523 2084 608 2142 etiam
627 2085 770 2142 accusatio
783 2084 903 2161 probata
917 2103 1045 2162 persaepe
1058 2094 1110 2144 est.
1153 2086 1219 2143 Dixi

257 2173 343 2251 paulo
356 2179 421 2230 ante
435 2173 472 2230 de
486 2173 597 2230 Crasso.
638 2173 722 2230 Idem
742 2174 810 2231 iecit
829 2173 992 2232 adolescens
1010 2175 1049 2232 Μ.
1064 2175 1216 2233 Antonius.

256 2261 349 2320 Etiam
363 2263 396 2320 P.
408 2261 524 2339 Sulpicii
538 2261 727 2339 eloquentiam
739 2263 881 2320 accusatio
894 2263 1052 2330 illustravit,
1063 2283 1130 2322 eum
1143 2265 1216 2322 sedi·

256 2351 360 2409 tiosum
374 2359 403 2410 et
416 2352 543 2410 inutilem
557 2353 655 2418 civem,
671 2351 704 2410 0.
720 2352 894 2418 Norbanum,
908 2352 938 2408 in
948 2352 1087 2430 judicium
1096 2347 1216 2412 vocarit.
1323 2406 1327 2435 ¹

224 2449 243 2502 n
257 2441 316 2500 Sed
336 2442 390 2500 hoc
404 2441 518 2518 quidem
538 2459 594 2498 non
614 2448 658 2500 est
677 2459 755 2516 saepe
774 2440 943 2507 iaciendum,
958 2459 1012 2498 nec
1026 2460 1151 2518 unquam
1165 2442 1218 2499 nisi

255 2539 307 2590 aut
325 2531 366 2588 rei
385 2531 507 2610 publicae
528 2547 621 2596 causa,
637 2535 670 2586 ιιι
687 2528 713 2594 ii,
729 2547 800 2604 quos
813 2537 879 2588 ante
893 2529 969 2598 dixi;
989 2537 1041 2588 ant
1053 2531 1215 2598 ulciseendi,

255 2628 289 2678 ιιι
301 2621 359 2678 duo
373 2620 502 2686 Luculli;
523 2625 573 2676 aut
587 2618 741 2695 patrocinii,
753 2625 786 2674 ut
798 2636 850 2675 nos
864 2637 917 2694 pro
930 2619 1040 2685 Siculis,
1051 2638 1104 2696 pro
1118 2620 1218 2678 Sardis
1302 2620 1305 2626 '

255 2708 284 2766 in
298 2709 421 2766 Albucio
434 2708 535 2766 Julius.
571 2708 606 2764 In
619 2707 780 2766 accusando
793 2707 877 2764 etiam
892 2706 941 2765 Μ’.
956 2708 1082 2784 Aquillio
1096 2709 1128 2766 L.
1143 2709 1218 2766 Fufii

205 2800 242 2855 lo
257 2797 369 2874 cognita
382 2796 519 2854 industria
532 2804 584 2854 est.
614 2796 710 2854 Semel
722 2796 818 2873 igitur,
829 2803 880 2854 ant
892 2815 950 2854 non
962 2815 1040 2872 saepe
1051 2804 1135 2854 certe.
1165 2797 1217 2854 Sin

256 2886 317 2952 erit,
333 2885 378 2944 cui
399 2883 560 2942 faciendum
581 2886 617 2944 sit
637 2886 750 2962 saepius,
764 2885 806 2943 rei
825 2885 948 2961 publicae
961 2885 1069 2943 tribuet
1084 2886 1138 2942 hoc
1152 2905 1216 2943 mn·

255 2973 337 3039 neris,
352 2973 433 3050 cujus
447 2973 569 3032 inimicos
583 2975 679 3032 ulcisci
692 2974 804 3050 saepius,
813 2993 870 3032 non
883 2982 927 3031 est
939 2973 1215 3051 reprehendendum.

205 3069 240 3122 11
257 3061 360 3120 Modus
380 3069 475 3120 tamen
495 3063 577 3121 adsit.
618 3064 691 3120 Duri
708 3064 782 3120 enim
795 3063 923 3131 hominis,
938 3063 983 3120 vel
996 3063 1090 3139 potius
1103 3063 1150 3120 vix
1164 3065 1216 3121 ho·

205 3159 241 3210 12
255 3150 344 3218 minis,
356 3151 473 3218 videtin,
486 3152 642 3229 pericnlum
653 3152 753 3230 capitis
766 3153 867 3210 inferre
879 3153 984 3210 multis.
1013 3153 1049 3209 Id
1063 3172 1129 3209 cum
1141 3154 1216 3229 pori-

256 3240 384 3298 culosum
397 3241 450 3318 ipsi
461 3249 513 3309 est,
524 3249 587 3299 tum
601 3241 686 3298 etiam
697 3240 843 3300 sordidum
853 3241 890 3298 ad
903 3237 1018 3308 limam,
1029 3241 1216 3309 committere,

255 3337 289 3388 ut
302 3338 450 3388 aecusator
463 3330 623 3388 nominere:
645 3330 722 3406 qnod
737 3330 856 3407 contigit
868 3331 908 3387 M.
923 3331 1022 3396 Bruto,
1037 3349 1149 3388 summo
1163 3350 1214 3407 ge-

255 3437 322 3477 nere
344 3427 420 3487 nato,
435 3412 508 3477 illins
530 3419 595 3484 filio,
610 3418 658 3494 qui
678 3418 749 3494 juris
770 3419 856 3476 civilis
873 3419 902 3476 in
920 3419 1017 3495 primis
1031 3407 1138 3494 peritus
1152 3418 1215 3476 init.

206 3513 241 3566 13
257 3509 355 3584 Atque
370 3509 454 3566 etism
468 3509 523 3564 hoc
538 3513 716 3583 praeceptum
731 3507 812 3564 officii
825 3507 974 3586 diligenter
994 3506 1148 3564 tenendum
1162 3514 1215 3574 est,

248 3616 292 3666 ¹ne
302 3616 386 3673 quem
397 3615 522 3672 unquam
532 3597 709 3652 innocentem
721 3594 828 3671 judicio
838 3596 937 3672 eapitis
948 3614 1088 3652 arcessas:
1102 3594 1132 3651 id
1141 3596 1217 3652 onim

206 3690 243 3743 14
257 3685 316 3744 sine
326 3685 431 3742 scelere
443 3684 501 3742 fieri
515 3683 592 3741 nullo
607 3689 692 3760 pacto
705 3691 808 3760 potest.
837 3685 912 3741 Nam
923 3685 1047 3760 quidest
1060 3690 1121 3742 tam
1133 3684 1216 3743 inhn-
