2692 4292
532 301 618 341 uranu
631 303 676 342 ιιι.
717 303 784 343 car.
799 304 833 344 11.
1148 285 1188 349 8⁹1

172 444 238 484 eam
258 427 438 486 solitudinem
459 427 593 507 languere
614 432 713 508 patior,
727 451 813 508 quam
827 432 895 490 mihi
908 432 1003 492 adfert
1015 431 1137 491 necessi·

172 521 227 583 tas,
243 535 300 574 nou
314 518 454 576 voluntas.
497 519 676 597 Quamquam
690 522 843 578 Africanus
862 523 999 599 majorem
1021 522 1135 580 laudem
1151 528 1189 581 10

173 623 239 663 mec
259 607 365 683 judicic
390 609 601 684 assequebatur.
644 610 732 667 Nulla
752 610 825 668 enim
846 612 908 689 ejus
921 611 1024 689 ingenii
1037 631 1136 669 monu-
1151 617 1186 672 11

171 703 271 752 mente
291 696 425 752 mandata
445 696 554 764 litteris,
570 698 678 755 nullum
692 719 766 775 opus
780 701 836 767 otii,
850 701 960 758 nullum
979 701 1136 758 solitudinis

171 803 279 841 munus
301 792 387 842 extat
429 785 473 842 Ex
494 805 551 862 quo
571 787 689 864 intelligi
712 788 806 855 debet,
823 790 903 847 illum
925 789 1027 847 mentis
1047 790 1135 868 agita-

171 873 250 932 tione
269 873 539 951 investigationeque
554 894 651 934 earum
672 895 861 954 rerumquae
874 879 1025 955 cogitando
1038 897 1136 938 conse·

171 963 323 1038 quebatur,
346 964 437 1040 neque
456 964 578 1022 otiosum
599 984 651 1022 nec
677 966 768 1022 solum
791 985 915 1043 unquam
939 967 1033 1024 luisse.
1074 968 1136 1026 Noa

171 1059 279 1118 autem,
290 1052 337 1127 qui
350 1072 406 1110 non
419 1061 532 1110 tautum
545 1055 652 1112 roboris
666 1055 813 1121 habemus,
825 1063 858 1112 ut
867 1056 1036 1134 cogitatione
1049 1057 1136 1114 tacita

170 1159 190 1196 a
205 1141 354 1198 solitudine
374 1143 580 1210 abstrahamur,
602 1143 639 1200 ad
660 1145 735 1202 hane
755 1145 895 1204 scribendi
915 1164 1030 1222 operam
1052 1164 1136 1204 omne

171 1230 300 1287 studium
312 1250 465 1308 curamque
476 1233 672 1290 convertimus.
702 1235 804 1310 Itaque
818 1235 901 1310 plura
914 1235 992 1293 brevi
1004 1244 1134 1314 tempore
1149 1241 1186 1294 12

170 1337 278 1386 eversa,
293 1339 378 1396 quarn
392 1321 489 1379 multis
502 1321 581 1379 annis
595 1330 688 1381 stante
701 1342 732 1380 re
746 1324 868 1401 publiea,
882 1325 1054 1402 scripsimus.

212 1499 251 1556 11.
274 1498 332 1556 Sed
348 1518 412 1556 eum
426 1507 488 1558 tota
508 1500 695 1582 philosophia,
709 1502 748 1561 mi
763 1502 872 1569 (licere,
886 1502 1021 1580 frugifera
1033 1511 1063 1561 et
1074 1503 1134 1562 fru-

170 1594 279 1655 ctuosa,
294 1607 347 1645 nec
361 1589 419 1646 ulla
434 1608 500 1666 pars
515 1589 577 1667 ejus
597 1589 704 1649 inculte
717 1609 751 1648 ae
765 1591 878 1648 deserta
890 1592 943 1649 sit:
964 1599 1027 1648 tum
1039 1592 1136 1650 nullus

169 1677 290 1734 feracior
303 1677 331 1734 in
345 1697 378 1734 ea
392 1678 471 1736 locus
486 1687 529 1737 est
549 1697 601 1736 nec
615 1680 735 1746 uberior,
750 1699 836 1756 quam
858 1681 896 1738 de
917 1681 1022 1747 officiis,
1036 1699 1054 1738 a
1073 1681 1134 1758 qui·

169 1765 225 1822 bus
237 1774 398 1824 constanter
408 1769 581 1847 honesteque
590 1769 702 1826 vivendi
711 1777 855 1846 praecepta
865 1768 1017 1828 ducuntur.
1039 1770 1133 1838 Quare
1147 1776 1165 1828 2

169 1873 343 1932 quamquam
357 1875 374 1912 a
389 1857 526 1933 Cratippo
547 1865 652 1924 nostru,
668 1858 793 1935 principe
814 1859 900 1936 hujus
914 1859 1056 1916 memoriae
1070 1860 1133 1937 phi·
1241 1892 1244 1899 ,

168 1944 361 2021 losephorum,
377 1946 437 2003 haec
452 1953 481 2002 te
494 1946 608 2004 assidue
629 1947 835 2024 audirentque
855 1948 983 2024 accipere
1003 1948 1131 2006 confido:

169 2040 266 2091 tamen
281 2035 438 2092 conducere
452 2035 580 2102 arbitror,
592 2036 696 2094 talibus
710 2055 793 2094 aures
806 2045 871 2094 tuas
881 2038 999 2095 vocibus
1009 2039 1133 2114 undique

170 2123 374 2181 circumsonare
386 2143 393 2190 ;
414 2143 467 2182 nec
480 2143 536 2191 eas,
552 2125 576 2181 si
590 2125 648 2182 lieri
662 2126 760 2202 possit,
769 2126 920 2202 quicquam
934 2127 1011 2184 aliud
1024 2128 1129 2185 audire.

170 2213 253 2280 Quod
275 2233 342 2270 cum
364 2214 494 2270 omnihus
515 2221 560 2270 est
581 2214 749 2281 laciendum,
763 2215 813 2291 qui
826 2216 913 2272 vitam
927 2215 1075 2274 honestam
1089 2216 1130 2273 in·
1143 2223 1162 2274 3

168 2302 251 2379 gredi
264 2303 397 2380 cogitant,
413 2311 475 2360 tum
495 2303 573 2360 haud
594 2303 651 2361 scio
673 2322 710 2359 an
732 2305 834 2361 nemini
855 2304 958 2381 potius,
972 2321 1058 2379 quam
1071 2305 1130 2363 tibi.

168 2391 298 2448 Sustines
319 2393 392 2449 enim
412 2411 469 2449 non
496 2411 614 2469 parvam
637 2393 861 2469 expectationem
887 2392 1030 2449 imitandas
1049 2393 1163 2450 indu-4

168 2481 245 2537 striae
264 2489 376 2547 nostrae,
392 2500 525 2558 magnam
548 2482 696 2548 honorum,
716 2482 880 2542 nonnullum
900 2481 1020 2537 fortasse
1042 2480 1130 2538 nomi·

167 2568 220 2626 nis.
261 2569 416 2648 Suscepisti
430 2589 501 2628 ontis
522 2578 660 2647 praterea
679 2589 768 2646 grave
782 2578 811 2627 et
823 2571 1003 2627 Athenarum
1017 2577 1046 2626 et
1060 2570 1129 2626 Ora·
1143 2578 1162 2630 5

168 2659 259 2736 tippi:
281 2660 319 2716 ad
333 2679 404 2735 qnos
419 2679 483 2717 cum
498 2668 644 2737 tamquam
664 2659 703 2716 ad
722 2667 913 2718 mercaturam
933 2660 1071 2716 bonarum
1085 2677 1129 2716 ar-

168 2747 238 2805 tium
261 2749 298 2806 sis
320 2749 473 2826 profectus,
489 2749 600 2806 inanem
621 2749 713 2808 redire
732 2749 928 2826 turpissimum
941 2756 994 2816 est,
1009 2749 1129 2806 dedeco-

168 2847 277 2895 rantem
298 2845 326 2894 ct
346 2838 424 2896 urbis
445 2839 642 2896 auctoritatem
656 2847 686 2897 et
699 2838 835 2917 magistri.
876 2840 971 2907 Quare
990 2845 1161 2914 quantumd

169 2926 271 2984 conniti
285 2927 377 2984 animo
392 2935 483 3004 potes,
497 2935 636 3003 quantum
655 2928 752 2986 labore
766 2928 937 2986 contendere
953 2926 990 3006 (si
1003 2929 1129 2987 discendi

167 3016 248 3074 labor
261 3023 305 3073 est
319 3017 420 3092 potius,
433 3035 518 3092 quam
532 3016 677 3095 voluptas)
688 3025 799 3074 tanturn
813 3018 858 3075 fac
873 3025 905 3074 ut
918 3018 1037 3076 efficias:
1058 3038 1129 3076 neve

168 3106 336 3172 committas,
353 3113 393 3172 ut,
409 3125 475 3162 cum
487 3106 581 3163 omnia
601 3105 785 3183 suppeditata
798 3107 855 3164 sint
868 3126 885 3163 a
898 3107 986 3174 nohis,
1003 3115 1065 3166 tute
1078 3108 1129 3166 tihi

168 3194 290 3254 defuisse
305 3195 424 3252 videare.
467 3195 524 3252 Sed
539 3196 600 3252 haec
615 3196 762 3253 hacteuus.
805 3196 898 3254 Multa
911 3198 986 3255 enim
1000 3216 1077 3274 saepe
1090 3197 1127 3254 ad
1143 3197 1160 3256 ’1

167 3291 196 3340 tc
211 3284 376 3340 cohortandi
395 3285 487 3362 gratia
500 3285 670 3361 scripsimus
712 3285 796 3342 Nune
809 3285 847 3342 ad
860 3286 998 3364 reliquam
1012 3294 1124 3363 partem

167 3373 320 3450 propositae
334 3373 473 3431 divisionis
488 3382 671 3432 revertamur.

206 3462 409 3519 Panaetius
433 3463 526 3540 igitur,
542 3463 590 3540 qui
614 3463 673 3521 sinc
698 3464 888 3520 controversia
907 3464 944 3521 de
963 3462 1061 3520 officiis
1080 3469 1160 3522 aed

166 3551 340 3609 curatissime
354 3551 516 3628 disputavit,
528 3571 669 3628 quemque
683 3571 743 3619 uos,
755 3551 927 3609 correctione
940 3550 1064 3627 quadem
1077 3550 1127 3606 ad·

165 3639 264 3706 hibita,
280 3640 456 3717 potissimum
469 3641 558 3698 secuti
570 3660 679 3709 sumus,
693 3641 785 3699 tribus
803 3638 954 3718 generibus
967 3639 1134 3716 propositis,⁴
