2692 4292
542 335 629 374 trare
641 335 662 376 1.
703 335 772 376 cnr.
786 335 842 377 rur.
1145 321 1184 380 ⁸1

160 461 271 521 tionem
294 481 392 522 rerum
415 463 489 541 aptis
513 471 542 521 et
565 463 788 522 accommodatis
811 463 896 522 locis:
917 463 1013 522 locum
1036 470 1134 522 antem

161 553 288 620 actionis,
300 553 542 632 opportunitatem
556 553 692 630 temporis
705 573 768 610 esse
782 554 892 611 dicunt:
907 561 1021 630 tempus
1035 561 1133 612 autem

162 644 280 700 actionis
301 651 495 719 opportunum
518 645 621 700 Graece
641 641 772 720 εὐκαιρία,
788 643 890 700 Latine
909 642 1071 720 appellatur
1084 662 1131 700 oc-

163 733 247 790 casio.
289 732 336 791 Sic
350 713 438 799 fit'ut
452 733 591 791 modestia
612 734 685 800 heac,
700 751 787 809 quam
802 733 842 789 ita
854 732 1083 809 interpretamur,
1097 737 1165 790 ult

163 821 228 888 dixi,
245 821 360 880 seientia
374 822 411 879 sit
423 823 645 899 opportunitatis
664 822 832 880 idoneorum
844 821 882 878 ad
895 821 1040 898 agendm
1059 828 1131 880 tem-
1184 815 1188 822 ¹

56 909 60 914 ’
163 930 276 988 porum.
317 911 376 969 Sed
391 918 486 989 potest
499 911 601 968 eadem
614 929 678 969 esse
692 911 853 987 prudentiae
875 909 1009 976 definitio,
1023 909 1061 967 de
1073 918 1163 988 quati

163 999 301 1078 principio
322 1001 462 1058 diximus:
483 1001 538 1058 hoc
560 1007 658 1058 eutem
679 1001 744 1058 loco
757 1000 795 1056 de
807 999 1001 1058 moderatione
1015 1005 1046 1056 et
1058 1007 1131 1057 tem·

162 1090 292 1166 perantia
312 1097 343 1148 et
364 1107 461 1147 aarum
484 1089 621 1148 similibus
637 1089 793 1148 virtutibus
813 1088 977 1165 quaerimus
1019 1089 1132 1166 Itaque,

163 1197 228 1255 quae
258 1187 338 1237 erent
365 1180 524 1256 prudentiae
549 1179 671 1256 propria,
697 1197 750 1236 suo
776 1179 840 1236 loco
862 1178 941 1236 dicta
963 1185 1047 1235 sunt:
1066 1195 1133 1255 quar

162 1275 260 1326 autem
283 1269 385 1326 harum
398 1269 545 1336 virtutum,
566 1269 602 1325 de
622 1268 726 1345 quibus
747 1269 810 1346 jam
828 1268 879 1326 diu
899 1268 1049 1344 loquimur,
1063 1286 1130 1344 quar

162 1358 305 1436 pertinent
324 1359 361 1416 ad
375 1359 583 1426 verecundiam,
599 1358 679 1416 etad
693 1375 794 1415 corum
812 1356 1056 1435 approbationem,
1069 1357 1131 1433 qui·

162 1448 284 1506 buscum
297 1448 425 1516 vivimus,
439 1467 514 1506 nunc
537 1447 658 1506 dicenda
678 1453 753 1504 sunt.
795 1447 871 1504 Talis
895 1453 940 1503 est
959 1447 1046 1524 igitur
1059 1446 1163 1504 ordotl

161 1538 305 1595 actionum
328 1537 516 1604 adhibendus,
538 1544 579 1604 ut,
601 1536 846 1614 quemadmodum
864 1536 894 1592 in
914 1537 1041 1592 oratione
1064 1554 1131 1593 con·

161 1627 257 1694 stanti,
272 1627 310 1684 sic
331 1627 360 1684 in
373 1627 431 1684 vita
451 1625 545 1683 omnia
564 1626 621 1684 sint
641 1633 713 1704 apta
732 1625 806 1682 inter
826 1643 858 1682 se
879 1631 910 1682 ct
930 1622 1130 1683 convenientia

161 1715 257 1792 Turpe
271 1723 316 1773 est
328 1716 403 1774 enim
414 1715 552 1792 valdeque
560 1715 701 1783 vitiosum,
711 1715 742 1772 in
754 1733 786 1772 re
799 1731 899 1772 severa
911 1713 1032 1772 convivii
1045 1713 1130 1782 dicta,
1145 1712 1162 1771 7

160 1812 212 1862 aut
225 1805 378 1863 delicatum
392 1805 514 1882 aliquem
524 1805 626 1862 inferre
637 1823 806 1862 sermonem.
834 1805 913 1861 Bene
922 1803 1056 1871 Pericles,
1065 1821 1132 1862 cnm
1145 1809 1163 1861 8

160 1894 281 1953 haberet
300 1894 439 1972 collegam
460 1895 489 1951 in
511 1901 637 1972 praetura
657 1894 829 1972 Sophoclen,
843 1893 919 1970 iique
939 1893 975 1950 de
989 1891 1131 1951 communi

161 1984 253 2042 officio
277 1985 481 2052 convenissent,
502 1991 532 2042 et
556 2001 625 2042 casu
648 1984 790 2042 formosus
811 2002 883 2061 puer
901 1983 1068 2061 prreterirot,
1088 1981 1130 2040 di·

161 2074 305 2151 xissetque
319 2074 486 2150 Sophocles,
498 2073 524 2130 0
535 2093 656 2150 puerum
670 2074 832 2150 pulchrum,
843 2073 966 2130 Pericle!
1000 2073 1043 2129 At
1056 2072 1131 2130 enim

162 2171 322 2240 praetorem,
347 2164 498 2240 Sophocle,
524 2163 607 2223 decet
633 2181 690 2221 non
717 2163 811 2221 solum
834 2181 943 2230 manus,
968 2162 1019 2220 sed
1044 2162 1130 2220 etiem

162 2254 259 2310 oculos
273 2254 445 2311 abstinentes
458 2253 572 2310 habere.
613 2253 714 2330 Atque
726 2253 782 2310 hoc
795 2251 872 2309 idem
892 2251 1050 2328 Sophocles
1064 2250 1131 2308 siin

162 2342 334 2400 athletarum
347 2342 511 2420 probatione
522 2341 650 2409 dixisset,
663 2343 743 2420 justa
752 2341 971 2419 reprehensione
979 2339 1129 2398 candsset:

162 2439 243 2490 tanta
262 2432 304 2489 vis
325 2439 370 2490 est
391 2439 421 2490 et
440 2431 495 2489 loci
515 2438 544 2488 et
562 2432 708 2508 temporis.
750 2431 800 2497 Ut,
816 2429 840 2487 si
856 2429 914 2505 qui,
929 2447 996 2485 cum
1015 2445 1130 2485 cauam
1145 2433 1162 2485 9

163 2521 200 2579 sit
213 2529 337 2588 acturus,
351 2521 380 2579 in
393 2520 493 2578 itinere
507 2528 558 2578 eut
577 2521 606 2577 in
626 2520 818 2577 ambulatione
839 2536 937 2574 secum
960 2517 1021 2593 ipse
1042 2515 1131 2574 medi·

162 2617 248 2678 tetur,
263 2618 313 2668 aut
326 2611 349 2667 si
362 2610 431 2688 quid
445 2609 522 2667 aliud
536 2609 671 2668 attentius
686 2608 803 2684 cogitet,
816 2625 875 2663 non
887 2604 1128 2682 reprehendatur:

163 2707 194 2756 at
208 2699 262 2758 hoc
276 2700 352 2757 idem
366 2699 431 2756 siin
450 2699 577 2758 convivio
599 2698 694 2764 faciat,
709 2698 880 2755 inhumanus
894 2695 1032 2762 videatur,
1047 2695 1129 2752 insci·

163 2789 203 2846 tia
226 2789 369 2866 temporis.
411 2788 469 2846 Sed
484 2807 526 2855 ea,
541 2806 608 2864 quae
627 2787 750 2844 multum
771 2786 810 2843 ab
829 2785 1005 2842 humanitate
1026 2785 1183 2844 disere-10

163 2885 242 2956 pant,
256 2886 298 2944 ut,
313 2878 413 2954 siquis
434 2878 463 2934 in
483 2878 546 2935 foro
567 2883 670 2943 cantet,
693 2883 744 2934 aut
763 2876 787 2933 si
808 2893 866 2952 qua
887 2881 932 2932 est
952 2875 1008 2932 alia
1026 2893 1132 2953 magna

165 2968 342 3046 perversitas,
356 2967 438 3026 facile
452 2973 599 3044 apparent,
614 2985 665 3024 neo
680 2985 785 3044 magno
804 2983 892 3042 opere
911 2964 1132 3022 admonitionem

165 3064 194 3116 et
208 3065 354 3134 praecepta
368 3057 537 3114 desiderant.
569 3057 642 3124 Quae
655 3064 752 3112 autem
767 3073 855 3132 parva
861 3054 992 3111 videntur
1004 3072 1067 3111 esse
1080 3054 1130 3111 de·
1146 3057 1182 3111 11

165 3147 239 3212 licta,
254 3165 346 3222 neque
360 3165 377 3202 a
390 3145 487 3203 multis
508 3145 627 3222 intelligi
649 3151 778 3222 possunt,
793 3144 831 3201 ab
850 3143 883 3201 iis
903 3151 948 3201 est
968 3142 1131 3221 diligentius
1183 3180 1189 3194 .

165 3235 372 3294 declinandum.
414 3235 456 3292 Ut
476 3235 505 3291 in
528 3234 631 3290 fidibus
653 3240 704 3291 aut
723 3234 753 3290 in
771 3233 855 3300 tibiis,
869 3233 998 3309 quamvis
1012 3232 1131 3309 paulum
1146 3235 1183 3288 12

165 3325 334 3402 discrepent,
349 3331 444 3382 tamen
462 3323 491 3381 id
506 3341 523 3380 a
537 3323 642 3380 sciente
664 3323 850 3380 animadverti
872 3323 961 3380 solet:
982 3322 1021 3379 sic
1035 3320 1130 3377 viden-

165 3415 235 3472 dum
256 3415 341 3471 estin
354 3414 421 3480 vita,
443 3433 478 3471 ne
500 3413 574 3470 sorte
596 3411 666 3488 quid
687 3412 846 3489 discrepet;
867 3413 913 3468 vel
934 3412 1026 3468 multo
1047 3408 1132 3466 etiam

165 3503 265 3581 magis,
281 3523 338 3579 quo
359 3503 452 3579 major
472 3509 501 3560 et
523 3501 620 3559 melior
642 3502 794 3568 actionum,
809 3520 895 3577 quam
909 3516 1050 3562 sonorum,
1066 3514 1131 3552 con-

166 3601 265 3650 centus
279 3598 330 3650 est.
372 3591 448 3650 XLI.
470 3593 580 3668 Itaque,
595 3590 669 3647 utin
683 3590 787 3647 fidibus
801 3589 973 3646 musicorum
987 3603 1071 3641 aures
1085 3582 1133 3641 vel

166 3681 281 3740 minima
295 3681 434 3740 sentiunt:
455 3680 494 3740 sic
508 3699 569 3746 nos,
584 3679 608 3736 si
621 3698 701 3738 acres
714 3697 748 3736 ac
761 3678 911 3754 diligentes
924 3673 1132 3732 essevolumus
