<?xml version="1.0" encoding="UTF-8"?>
<!DOCTYPE html PUBLIC "-//W3C//DTD XHTML 1.0 Transitional//EN"
    "http://www.w3.org/TR/xhtml1/DTD/xhtml1-transitional.dtd">
<html xmlns="http://www.w3.org/1999/xhtml" xml:lang="en" lang="en">
 <head>
  <title>
</title>
<meta http-equiv="Content-Type" content="text/html;charset=utf-8" />
  <meta name='ocr-system' content='tesseract 3.04.00' />
  <meta name='ocr-capabilities' content='ocr_page ocr_carea ocr_par ocr_line ocrx_word'/>
</head>
<body>
  <div class='ocr_page' id='page_1' title='image "./mtulliiciceroni02thacgoog_0055.png"; bbox 0 0 2692 4292; ppageno 0'>
   <div class='ocr_carea' id='block_1_1' title="bbox 491 359 1164 418">
    <p class='ocr_par' dir='ltr' id='par_1_1' title="bbox 491 359 1164 418">
     <span class='ocr_line' id='line_1_1' title="bbox 491 359 1164 418; baseline 0.007 -6"><span class='ocrx_word' id='word_1_1' title='bbox 491 373 577 415; x_wconf 82' lang='lat' dir='ltr'>mnus</span> <span class='ocrx_word' id='word_1_2' title='bbox 590 375 609 413; x_wconf 91' lang='lat'>1.</span> <span class='ocrx_word' id='word_1_3' title='bbox 651 374 718 414; x_wconf 78' lang='lat' dir='ltr'>osa.</span> <span class='ocrx_word' id='word_1_4' title='bbox 733 375 813 414; x_wconf 80' lang='lat' dir='ltr'>xxxi.</span> <span class='ocrx_word' id='word_1_5' title='bbox 1126 359 1164 418; x_wconf 78' lang='lat'>41</span> 
     </span>
    </p>
   </div>
   <div class='ocr_carea' id='block_1_2' title="bbox 140 502 1164 672">
    <p class='ocr_par' dir='ltr' id='par_1_2' title="bbox 140 502 1164 672">
     <span class='ocr_line' id='line_1_2' title="bbox 140 502 1112 590; baseline -0.005 -26"><span class='ocrx_word' id='word_1_6' title='bbox 140 504 265 582; x_wconf 85' lang='lat' dir='ltr'>quidem,</span> <span class='ocrx_word' id='word_1_7' title='bbox 281 503 488 590; x_wconf 78' lang='lat' dir='ltr'>severissimum</span> <span class='ocrx_word' id='word_1_8' title='bbox 502 503 747 582; x_wconf 87' lang='lat' dir='ltr'>philosophorum,</span> <span class='ocrx_word' id='word_1_9' title='bbox 761 505 800 561; x_wconf 90' lang='lat' dir='ltr'>ob</span> <span class='ocrx_word' id='word_1_10' title='bbox 812 523 933 581; x_wconf 91' lang='lat' dir='ltr'>eamque</span> <span class='ocrx_word' id='word_1_11' title='bbox 946 523 1007 562; x_wconf 88' lang='lat' dir='ltr'>rem</span> <span class='ocrx_word' id='word_1_12' title='bbox 1019 502 1112 580; x_wconf 85' lang='lat' dir='ltr'>ipsam</span> 
     </span>
     <span class='ocr_line' id='line_1_3' title="bbox 140 590 1164 672; baseline 0 -22"><span class='ocrx_word' id='word_1_13' title='bbox 140 613 278 672; x_wconf 85' lang='lat' dir='ltr'>magnum</span> <span class='ocrx_word' id='word_1_14' title='bbox 293 601 323 651; x_wconf 88' lang='lat' dir='ltr'>et</span> <span class='ocrx_word' id='word_1_15' title='bbox 344 594 452 651; x_wconf 87' lang='lat' dir='ltr'>clarum</span> <span class='ocrx_word' id='word_1_16' title='bbox 472 593 566 652; x_wconf 87' lang='lat' dir='ltr'>fuisse.</span> <span class='ocrx_word' id='word_1_17' title='bbox 608 593 832 652; x_wconf 80' lang='lat' dir='ltr'>Innumerabiles</span> <span class='ocrx_word' id='word_1_18' title='bbox 851 595 915 653; x_wconf 84' lang='lat' dir='ltr'>aliae</span> <span class='ocrx_word' id='word_1_19' title='bbox 940 593 1111 654; x_wconf 90' lang='lat' dir='ltr'>dissimilitu·</span> <span class='ocrx_word' id='word_1_20' title='bbox 1128 590 1164 650; x_wconf 87' lang='lat' dir='ltr'>l&#39;l</span> 
     </span>
    </p>
   </div>
   <div class='ocr_carea' id='block_1_3' title="bbox 140 683 1111 831">
    <p class='ocr_par' dir='ltr' id='par_1_3' title="bbox 140 683 1111 831">
     <span class='ocr_line' id='line_1_4' title="bbox 141 683 1111 762; baseline -0.001 -21"><span class='ocrx_word' id='word_1_21' title='bbox 141 683 222 742; x_wconf 88' lang='lat' dir='ltr'>dines</span> <span class='ocrx_word' id='word_1_22' title='bbox 250 691 317 740; x_wconf 92' lang='lat' dir='ltr'>sunt</span> <span class='ocrx_word' id='word_1_23' title='bbox 345 691 456 740; x_wconf 70' lang='lat' dir='ltr'>naturae</span> <span class='ocrx_word' id='word_1_24' title='bbox 482 701 658 760; x_wconf 90' lang='lat' dir='ltr'>morumque,</span> <span class='ocrx_word' id='word_1_25' title='bbox 686 683 800 742; x_wconf 91' lang='lat' dir='ltr'>minime</span> <span class='ocrx_word' id='word_1_26' title='bbox 828 692 923 742; x_wconf 88' lang='lat' dir='ltr'>tamen</span> <span class='ocrx_word' id='word_1_27' title='bbox 949 684 1111 762; x_wconf 85' lang='lat' dir='ltr'>vituperan-</span> 
     </span>
     <span class='ocr_line' id='line_1_5' title="bbox 140 773 253 831; baseline 0.009 -1"><span class='ocrx_word' id='word_1_28' title='bbox 140 773 253 831; x_wconf 90' lang='lat' dir='ltr'>dorum.</span> 
     </span>
    </p>
   </div>
   <div class='ocr_carea' id='block_1_4' title="bbox 86 949 1143 3878">
    <p class='ocr_par' dir='ltr' id='par_1_4' title="bbox 86 949 1143 3810">
     <span class='ocr_line' id='line_1_6' title="bbox 180 949 1111 1029; baseline -0.001 -19"><span class='ocrx_word' id='word_1_29' title='bbox 180 953 289 1010; x_wconf 87' lang='lat' dir='ltr'>XXXI.</span> <span class='ocrx_word' id='word_1_30' title='bbox 304 951 473 1010; x_wconf 87' lang='lat' dir='ltr'><strong>Admodum</strong></span> <span class='ocrx_word' id='word_1_31' title='bbox 486 957 583 1008; x_wconf 89' lang='lat' dir='ltr'>autem</span> <span class='ocrx_word' id='word_1_32' title='bbox 597 949 721 1010; x_wconf 87' lang='lat' dir='ltr'>tenenda</span> <span class='ocrx_word' id='word_1_33' title='bbox 734 958 801 1009; x_wconf 90' lang='lat' dir='ltr'>sunt</span> <span class='ocrx_word' id='word_1_34' title='bbox 813 971 866 1010; x_wconf 89' lang='lat' dir='ltr'>sna</span> <span class='ocrx_word' id='word_1_35' title='bbox 876 950 987 1029; x_wconf 90' lang='lat' dir='ltr'>cuique,</span> <span class='ocrx_word' id='word_1_36' title='bbox 1001 970 1058 1010; x_wconf 91' lang='lat' dir='ltr'>non</span> <span class='ocrx_word' id='word_1_37' title='bbox 1072 950 1111 1009; x_wconf 85' lang='lat' dir='ltr'>vi-</span> 
     </span>
     <span class='ocr_line' id='line_1_7' title="bbox 139 1041 1110 1119; baseline 0.002 -21"><span class='ocrx_word' id='word_1_38' title='bbox 139 1041 222 1109; x_wconf 85' lang='lat' dir='ltr'>tiosa,</span> <span class='ocrx_word' id='word_1_39' title='bbox 231 1041 281 1100; x_wconf 90' lang='lat' dir='ltr'>sed</span> <span class='ocrx_word' id='word_1_40' title='bbox 292 1049 387 1101; x_wconf 86' lang='lat' dir='ltr'>tamen</span> <span class='ocrx_word' id='word_1_41' title='bbox 397 1041 520 1119; x_wconf 90' lang='lat' dir='ltr'>propria,</span> <span class='ocrx_word' id='word_1_42' title='bbox 530 1061 587 1118; x_wconf 90' lang='lat' dir='ltr'>quo</span> <span class='ocrx_word' id='word_1_43' title='bbox 597 1041 706 1099; x_wconf 73' lang='lat' dir='ltr'>facilius</span> <span class='ocrx_word' id='word_1_44' title='bbox 715 1041 850 1100; x_wconf 91' lang='lat' dir='ltr'>decorum</span> <span class='ocrx_word' id='word_1_45' title='bbox 857 1041 937 1109; x_wconf 89' lang='lat' dir='ltr'>illud,</span> <span class='ocrx_word' id='word_1_46' title='bbox 946 1041 1024 1119; x_wconf 91' lang='lat' dir='ltr'>qnod</span> <span class='ocrx_word' id='word_1_47' title='bbox 1032 1060 1110 1119; x_wconf 75' lang='lat' dir='ltr'>qua-</span> 
     </span>
     <span class='ocr_line' id='line_1_8' title="bbox 139 1131 1143 1199; baseline 0 -11"><span class='ocrx_word' id='word_1_48' title='bbox 139 1131 237 1199; x_wconf 90' lang='lat' dir='ltr'>rimus,</span> <span class='ocrx_word' id='word_1_49' title='bbox 252 1132 413 1190; x_wconf 77' lang='lat' dir='ltr'>retineatur.</span> <span class='ocrx_word' id='word_1_50' title='bbox 456 1131 503 1188; x_wconf 88' lang='lat' dir='ltr'>Sic</span> <span class='ocrx_word' id='word_1_51' title='bbox 526 1131 600 1189; x_wconf 91' lang='lat' dir='ltr'>enim</span> <span class='ocrx_word' id='word_1_52' title='bbox 621 1139 665 1188; x_wconf 88' lang='lat' dir='ltr'>est</span> <span class='ocrx_word' id='word_1_53' title='bbox 687 1131 857 1199; x_wconf 80' lang='lat' dir='ltr'>faciendum,</span> <span class='ocrx_word' id='word_1_54' title='bbox 878 1139 1031 1190; x_wconf 86' lang='lat' dir='ltr'>utcontra</span> <span class='ocrx_word' id='word_1_55' title='bbox 1050 1131 1143 1188; x_wconf 76' lang='lat' dir='ltr'>uni-2</span> 
     </span>
     <span class='ocr_line' id='line_1_9' title="bbox 139 1220 1109 1301; baseline -0.002 -23"><span class='ocrx_word' id='word_1_56' title='bbox 139 1239 253 1280; x_wconf 85' lang='lat' dir='ltr'>versam</span> <span class='ocrx_word' id='word_1_57' title='bbox 277 1228 408 1278; x_wconf 89' lang='lat' dir='ltr'>naturam</span> <span class='ocrx_word' id='word_1_58' title='bbox 432 1221 504 1301; x_wconf 82' lang='lat' dir='ltr'>nihil</span> <span class='ocrx_word' id='word_1_59' title='bbox 529 1220 743 1287; x_wconf 82' lang='lat' dir='ltr'>contendamus,</span> <span class='ocrx_word' id='word_1_60' title='bbox 765 1240 799 1278; x_wconf 88' lang='lat' dir='ltr'>ea</span> <span class='ocrx_word' id='word_1_61' title='bbox 819 1230 915 1278; x_wconf 87' lang='lat' dir='ltr'>tamen</span> <span class='ocrx_word' id='word_1_62' title='bbox 935 1228 1109 1290; x_wconf 82' lang='lat' dir='ltr'>conservata,</span> 
     </span>
     <span class='ocr_line' id='line_1_10' title="bbox 140 1310 1109 1390; baseline 0.002 -24"><span class='ocrx_word' id='word_1_63' title='bbox 140 1311 285 1388; x_wconf 83' lang='lat' dir='ltr'>propriam</span> <span class='ocrx_word' id='word_1_64' title='bbox 306 1318 438 1369; x_wconf 86' lang='lat' dir='ltr'>naturam</span> <span class='ocrx_word' id='word_1_65' title='bbox 459 1329 632 1387; x_wconf 88' lang='lat' dir='ltr'>sequamur;</span> <span class='ocrx_word' id='word_1_66' title='bbox 653 1320 695 1378; x_wconf 87' lang='lat' dir='ltr'>ut,</span> <span class='ocrx_word' id='word_1_67' title='bbox 711 1311 820 1369; x_wconf 87' lang='lat' dir='ltr'>etiamsi</span> <span class='ocrx_word' id='word_1_68' title='bbox 833 1311 889 1369; x_wconf 87' lang='lat' dir='ltr'>sint</span> <span class='ocrx_word' id='word_1_69' title='bbox 902 1311 958 1369; x_wconf 89' lang='lat' dir='ltr'>alia</span> <span class='ocrx_word' id='word_1_70' title='bbox 971 1310 1109 1390; x_wconf 85' lang='lat' dir='ltr'>graviora,</span> 
     </span>
     <span class='ocr_line' id='line_1_11' title="bbox 139 1400 1140 1479; baseline 0.001 -22"><span class='ocrx_word' id='word_1_71' title='bbox 139 1408 236 1458; x_wconf 76' lang='lat' dir='ltr'>tarum</span> <span class='ocrx_word' id='word_1_72' title='bbox 260 1420 311 1458; x_wconf 90' lang='lat' dir='ltr'>nos</span> <span class='ocrx_word' id='word_1_73' title='bbox 335 1400 430 1458; x_wconf 90' lang='lat' dir='ltr'>studia</span> <span class='ocrx_word' id='word_1_74' title='bbox 454 1408 549 1458; x_wconf 90' lang='lat' dir='ltr'>nostra</span> <span class='ocrx_word' id='word_1_75' title='bbox 572 1407 678 1457; x_wconf 83' lang='lat' dir='ltr'>nostrae</span> <span class='ocrx_word' id='word_1_76' title='bbox 698 1407 809 1460; x_wconf 85' lang='lat' dir='ltr'>naturae</span> <span class='ocrx_word' id='word_1_77' title='bbox 830 1402 930 1479; x_wconf 84' lang='lat' dir='ltr'>regula</span> <span class='ocrx_word' id='word_1_78' title='bbox 950 1403 1108 1459; x_wconf 89' lang='lat' dir='ltr'>metiamur.</span> <span class='ocrx_word' id='word_1_79' title='bbox 1136 1443 1140 1448; x_wconf 82' lang='lat'>-</span> 
     </span>
     <span class='ocr_line' id='line_1_12' title="bbox 86 1489 1142 1567; baseline 0.002 -21"><span class='ocrx_word' id='word_1_80' title='bbox 86 1507 91 1520; x_wconf 87' lang='lat'><strong>·</strong></span> <span class='ocrx_word' id='word_1_81' title='bbox 140 1489 243 1566; x_wconf 84' lang='lat' dir='ltr'>Neque</span> <span class='ocrx_word' id='word_1_82' title='bbox 257 1491 331 1548; x_wconf 89' lang='lat' dir='ltr'>enim</span> <span class='ocrx_word' id='word_1_83' title='bbox 351 1491 454 1548; x_wconf 81' lang='lat' dir='ltr'>attinet</span> <span class='ocrx_word' id='word_1_84' title='bbox 474 1498 583 1548; x_wconf 87' lang='lat' dir='ltr'>naturae</span> <span class='ocrx_word' id='word_1_85' title='bbox 599 1509 769 1566; x_wconf 85' lang='lat' dir='ltr'>repugnare,</span> <span class='ocrx_word' id='word_1_86' title='bbox 784 1509 837 1547; x_wconf 90' lang='lat' dir='ltr'>nec</span> <span class='ocrx_word' id='word_1_87' title='bbox 856 1491 1008 1567; x_wconf 91' lang='lat' dir='ltr'>quicquam</span> <span class='ocrx_word' id='word_1_88' title='bbox 1021 1490 1142 1566; x_wconf 70' lang='lat' dir='ltr'>sequid</span> 
     </span>
     <span class='ocr_line' id='line_1_13' title="bbox 139 1577 1111 1658; baseline 0.001 -23"><span class='ocrx_word' id='word_1_89' title='bbox 139 1579 219 1657; x_wconf 94' lang='lat' dir='ltr'>quod</span> <span class='ocrx_word' id='word_1_90' title='bbox 241 1581 353 1656; x_wconf 82' lang='lat' dir='ltr'>assequi</span> <span class='ocrx_word' id='word_1_91' title='bbox 375 1599 432 1638; x_wconf 91' lang='lat' dir='ltr'>non</span> <span class='ocrx_word' id='word_1_92' title='bbox 453 1599 549 1657; x_wconf 87' lang='lat' dir='ltr'>queas,</span> <span class='ocrx_word' id='word_1_93' title='bbox 566 1577 614 1658; x_wconf 83' lang='lat' dir='ltr'>(ex</span> <span class='ocrx_word' id='word_1_94' title='bbox 634 1599 692 1655; x_wconf 92' lang='lat' dir='ltr'>quo</span> <span class='ocrx_word' id='word_1_95' title='bbox 712 1579 804 1656; x_wconf 83' lang='lat' dir='ltr'>magis</span> <span class='ocrx_word' id='word_1_96' title='bbox 825 1580 954 1658; x_wconf 86' lang='lat' dir='ltr'>emergit,</span> <span class='ocrx_word' id='word_1_97' title='bbox 968 1580 1053 1656; x_wconf 90' lang='lat' dir='ltr'>quale</span> <span class='ocrx_word' id='word_1_98' title='bbox 1074 1580 1111 1636; x_wconf 91' lang='lat' dir='ltr'>sit</span> 
     </span>
     <span class='ocr_line' id='line_1_14' title="bbox 140 1668 1110 1748; baseline -0.001 -22"><span class='ocrx_word' id='word_1_99' title='bbox 140 1669 277 1728; x_wconf 87' lang='lat' dir='ltr'>decorum</span> <span class='ocrx_word' id='word_1_100' title='bbox 304 1668 396 1748; x_wconf 89' lang='lat' dir='ltr'>illud,)</span> <span class='ocrx_word' id='word_1_101' title='bbox 421 1670 495 1737; x_wconf 84' lang='lat' dir='ltr'>ideo,</span> <span class='ocrx_word' id='word_1_102' title='bbox 520 1669 585 1746; x_wconf 90' lang='lat' dir='ltr'>quia</span> <span class='ocrx_word' id='word_1_103' title='bbox 609 1669 678 1727; x_wconf 90' lang='lat' dir='ltr'>nihil</span> <span class='ocrx_word' id='word_1_104' title='bbox 702 1669 787 1726; x_wconf 83' lang='lat' dir='ltr'>decet</span> <span class='ocrx_word' id='word_1_105' title='bbox 809 1669 897 1726; x_wconf 88' lang='lat' dir='ltr'>invita</span> <span class='ocrx_word' id='word_1_106' title='bbox 920 1669 1055 1736; x_wconf 81' lang='lat' dir='ltr'>Minerva,</span> <span class='ocrx_word' id='word_1_107' title='bbox 1077 1675 1110 1726; x_wconf 94' lang='lat' dir='ltr'>ut</span> 
     </span>
     <span class='ocr_line' id='line_1_15' title="bbox 140 1758 1143 1836; baseline 0 -20"><span class='ocrx_word' id='word_1_108' title='bbox 140 1759 228 1827; x_wconf 85' lang='lat' dir='ltr'>aiunt,</span> <span class='ocrx_word' id='word_1_109' title='bbox 244 1760 271 1816; x_wconf 94' lang='lat' dir='ltr'>id</span> <span class='ocrx_word' id='word_1_110' title='bbox 291 1767 344 1828; x_wconf 89' lang='lat' dir='ltr'>est,</span> <span class='ocrx_word' id='word_1_111' title='bbox 359 1760 526 1817; x_wconf 85' lang='lat' dir='ltr'>adversante</span> <span class='ocrx_word' id='word_1_112' title='bbox 547 1767 576 1817; x_wconf 89' lang='lat' dir='ltr'>et</span> <span class='ocrx_word' id='word_1_113' title='bbox 596 1765 774 1836; x_wconf 85' lang='lat' dir='ltr'>repugnante</span> <span class='ocrx_word' id='word_1_114' title='bbox 794 1766 904 1816; x_wconf 84' lang='lat' dir='ltr'>natura</span> <span class='ocrx_word' id='word_1_115' title='bbox 946 1758 1066 1815; x_wconf 88' lang='lat' dir='ltr'>Omnino</span> <span class='ocrx_word' id='word_1_116' title='bbox 1086 1758 1143 1816; x_wconf 69' lang='lat' dir='ltr'>sid</span> 
     </span>
     <span class='ocr_line' id='line_1_16' title="bbox 139 1848 1109 1926; baseline 0 -20"><span class='ocrx_word' id='word_1_117' title='bbox 139 1849 292 1926; x_wconf 88' lang='lat' dir='ltr'>quicquam</span> <span class='ocrx_word' id='word_1_118' title='bbox 306 1858 350 1907; x_wconf 90' lang='lat' dir='ltr'>est</span> <span class='ocrx_word' id='word_1_119' title='bbox 365 1850 508 1915; x_wconf 87' lang='lat' dir='ltr'>decorum,</span> <span class='ocrx_word' id='word_1_120' title='bbox 521 1849 589 1906; x_wconf 92' lang='lat' dir='ltr'>nihil</span> <span class='ocrx_word' id='word_1_121' title='bbox 603 1857 648 1906; x_wconf 89' lang='lat' dir='ltr'>est</span> <span class='ocrx_word' id='word_1_122' title='bbox 663 1849 792 1925; x_wconf 87' lang='lat' dir='ltr'>profecto</span> <span class='ocrx_word' id='word_1_123' title='bbox 802 1848 903 1926; x_wconf 82' lang='lat' dir='ltr'>magis,</span> <span class='ocrx_word' id='word_1_124' title='bbox 912 1867 998 1926; x_wconf 89' lang='lat' dir='ltr'>quam</span> <span class='ocrx_word' id='word_1_125' title='bbox 1012 1867 1109 1925; x_wconf 85' lang='lat' dir='ltr'>aequa·</span> 
     </span>
     <span class='ocr_line' id='line_1_17' title="bbox 139 1938 1108 2017; baseline -0.001 -21"><span class='ocrx_word' id='word_1_126' title='bbox 139 1939 235 1996; x_wconf 87' lang='lat' dir='ltr'>bilitas</span> <span class='ocrx_word' id='word_1_127' title='bbox 250 1940 388 1998; x_wconf 84' lang='lat' dir='ltr'>universae</span> <span class='ocrx_word' id='word_1_128' title='bbox 404 1940 480 2006; x_wconf 86' lang='lat' dir='ltr'>vitae,</span> <span class='ocrx_word' id='word_1_129' title='bbox 495 1945 557 1996; x_wconf 89' lang='lat' dir='ltr'>tum</span> <span class='ocrx_word' id='word_1_130' title='bbox 572 1938 747 2017; x_wconf 85' lang='lat' dir='ltr'>singularum</span> <span class='ocrx_word' id='word_1_131' title='bbox 761 1938 921 2004; x_wconf 86' lang='lat' dir='ltr'>actionum;</span> <span class='ocrx_word' id='word_1_132' title='bbox 943 1957 1029 2014; x_wconf 91' lang='lat' dir='ltr'>qnam</span> <span class='ocrx_word' id='word_1_133' title='bbox 1043 1958 1108 1996; x_wconf 86' lang='lat' dir='ltr'>oon-</span> 
     </span>
     <span class='ocr_line' id='line_1_18' title="bbox 140 2027 1107 2107; baseline 0.002 -23"><span class='ocrx_word' id='word_1_134' title='bbox 140 2047 253 2086; x_wconf 86' lang='lat' dir='ltr'>servare</span> <span class='ocrx_word' id='word_1_135' title='bbox 268 2049 325 2086; x_wconf 93' lang='lat' dir='ltr'>non</span> <span class='ocrx_word' id='word_1_136' title='bbox 339 2029 438 2107; x_wconf 89' lang='lat' dir='ltr'>possis,</span> <span class='ocrx_word' id='word_1_137' title='bbox 454 2029 477 2086; x_wconf 91' lang='lat' dir='ltr'>si</span> <span class='ocrx_word' id='word_1_138' title='bbox 491 2029 608 2086; x_wconf 86' lang='lat' dir='ltr'>aliorum</span> <span class='ocrx_word' id='word_1_139' title='bbox 622 2037 753 2086; x_wconf 87' lang='lat' dir='ltr'>naturam</span> <span class='ocrx_word' id='word_1_140' title='bbox 766 2028 877 2084; x_wconf 88' lang='lat' dir='ltr'>imitans</span> <span class='ocrx_word' id='word_1_141' title='bbox 890 2027 1005 2085; x_wconf 87' lang='lat' dir='ltr'>omittas</span> <span class='ocrx_word' id='word_1_142' title='bbox 1019 2035 1107 2086; x_wconf 89' lang='lat' dir='ltr'>tuam.</span> 
     </span>
     <span class='ocr_line' id='line_1_19' title="bbox 139 2117 1141 2195; baseline 0.003 -21"><span class='ocrx_word' id='word_1_143' title='bbox 139 2117 183 2174; x_wconf 89' lang='lat' dir='ltr'>Ut</span> <span class='ocrx_word' id='word_1_144' title='bbox 206 2119 279 2175; x_wconf 91' lang='lat' dir='ltr'>enim</span> <span class='ocrx_word' id='word_1_145' title='bbox 301 2137 429 2176; x_wconf 87' lang='lat' dir='ltr'>sermone</span> <span class='ocrx_word' id='word_1_146' title='bbox 451 2138 485 2176; x_wconf 91' lang='lat' dir='ltr'>eo</span> <span class='ocrx_word' id='word_1_147' title='bbox 506 2119 642 2176; x_wconf 91' lang='lat' dir='ltr'>debemus</span> <span class='ocrx_word' id='word_1_148' title='bbox 664 2119 714 2185; x_wconf 89' lang='lat' dir='ltr'>uti,</span> <span class='ocrx_word' id='word_1_149' title='bbox 729 2118 777 2195; x_wconf 92' lang='lat' dir='ltr'>qui</span> <span class='ocrx_word' id='word_1_150' title='bbox 798 2126 881 2175; x_wconf 87' lang='lat' dir='ltr'>natus</span> <span class='ocrx_word' id='word_1_151' title='bbox 901 2127 946 2176; x_wconf 91' lang='lat' dir='ltr'>est</span> <span class='ocrx_word' id='word_1_152' title='bbox 959 2118 1048 2184; x_wconf 90' lang='lat' dir='ltr'>nobis,</span> <span class='ocrx_word' id='word_1_153' title='bbox 1063 2127 1141 2185; x_wconf 81' lang='lat' dir='ltr'>ne,5</span> 
     </span>
     <span class='ocr_line' id='line_1_20' title="bbox 140 2207 1107 2285; baseline 0 -21"><span class='ocrx_word' id='word_1_154' title='bbox 140 2215 175 2264; x_wconf 90' lang='lat' dir='ltr'>ut</span> <span class='ocrx_word' id='word_1_155' title='bbox 189 2207 314 2284; x_wconf 91' lang='lat' dir='ltr'>quidam,</span> <span class='ocrx_word' id='word_1_156' title='bbox 331 2209 433 2266; x_wconf 78' lang='lat' dir='ltr'>Graeca</span> <span class='ocrx_word' id='word_1_157' title='bbox 447 2209 534 2266; x_wconf 90' lang='lat' dir='ltr'>verba</span> <span class='ocrx_word' id='word_1_158' title='bbox 548 2208 721 2266; x_wconf 82' lang='lat' dir='ltr'>inculcantes</span> <span class='ocrx_word' id='word_1_159' title='bbox 739 2208 804 2285; x_wconf 90' lang='lat' dir='ltr'>jure</span> <span class='ocrx_word' id='word_1_160' title='bbox 824 2207 933 2285; x_wconf 91' lang='lat' dir='ltr'>optimo</span> <span class='ocrx_word' id='word_1_161' title='bbox 946 2207 1107 2264; x_wconf 88' lang='lat' dir='ltr'>rideamur:</span> 
     </span>
     <span class='ocr_line' id='line_1_21' title="bbox 140 2297 1108 2374; baseline 0 -20"><span class='ocrx_word' id='word_1_162' title='bbox 140 2297 180 2356; x_wconf 92' lang='lat' dir='ltr'>sic</span> <span class='ocrx_word' id='word_1_163' title='bbox 195 2298 223 2354; x_wconf 91' lang='lat' dir='ltr'>in</span> <span class='ocrx_word' id='word_1_164' title='bbox 237 2298 361 2356; x_wconf 87' lang='lat' dir='ltr'>actiones</span> <span class='ocrx_word' id='word_1_165' title='bbox 382 2316 550 2374; x_wconf 90' lang='lat' dir='ltr'>omnemque</span> <span class='ocrx_word' id='word_1_166' title='bbox 564 2298 651 2355; x_wconf 87' lang='lat' dir='ltr'>vitam</span> <span class='ocrx_word' id='word_1_167' title='bbox 672 2298 780 2355; x_wconf 91' lang='lat' dir='ltr'>nullam</span> <span class='ocrx_word' id='word_1_168' title='bbox 801 2298 1019 2374; x_wconf 87' lang='lat' dir='ltr'>discrepantiam</span> <span class='ocrx_word' id='word_1_169' title='bbox 1042 2317 1108 2354; x_wconf 88' lang='lat' dir='ltr'>con-</span> 
     </span>
     <span class='ocr_line' id='line_1_22' title="bbox 139 2386 1141 2464; baseline 0 -20"><span class='ocrx_word' id='word_1_170' title='bbox 139 2386 215 2444; x_wconf 84' lang='lat' dir='ltr'>ferre</span> <span class='ocrx_word' id='word_1_171' title='bbox 226 2387 372 2446; x_wconf 90' lang='lat' dir='ltr'>debemus.</span> <span class='ocrx_word' id='word_1_172' title='bbox 404 2389 503 2464; x_wconf 89' lang='lat' dir='ltr'>Atque</span> <span class='ocrx_word' id='word_1_173' title='bbox 513 2387 578 2444; x_wconf 83' lang='lat' dir='ltr'>haec</span> <span class='ocrx_word' id='word_1_174' title='bbox 590 2387 747 2444; x_wconf 85' lang='lat' dir='ltr'>differentia</span> <span class='ocrx_word' id='word_1_175' title='bbox 757 2389 922 2444; x_wconf 81' lang='lat' dir='ltr'>naturarum</span> <span class='ocrx_word' id='word_1_176' title='bbox 936 2393 1045 2443; x_wconf 88' lang='lat' dir='ltr'>tantam</span> <span class='ocrx_word' id='word_1_177' title='bbox 1059 2388 1107 2443; x_wconf 90' lang='lat' dir='ltr'>ha·</span> <span class='ocrx_word' id='word_1_178' title='bbox 1123 2391 1141 2444; x_wconf 84' lang='lat' dir='ltr'>o</span> 
     </span>
     <span class='ocr_line' id='line_1_23' title="bbox 140 2475 1109 2553; baseline -0.003 -19"><span class='ocrx_word' id='word_1_179' title='bbox 140 2477 191 2535; x_wconf 85' lang='lat' dir='ltr'>bet</span> <span class='ocrx_word' id='word_1_180' title='bbox 206 2477 270 2544; x_wconf 91' lang='lat' dir='ltr'>vim,</span> <span class='ocrx_word' id='word_1_181' title='bbox 286 2484 318 2534; x_wconf 90' lang='grc' dir='ltr'>ιιι</span> <span class='ocrx_word' id='word_1_182' title='bbox 331 2495 532 2553; x_wconf 85' lang='lat' dir='ltr'>nonnunquam</span> <span class='ocrx_word' id='word_1_183' title='bbox 555 2484 675 2534; x_wconf 90' lang='lat' dir='ltr'>mortem</span> <span class='ocrx_word' id='word_1_184' title='bbox 697 2477 750 2533; x_wconf 90' lang='lat' dir='ltr'>sibi</span> <span class='ocrx_word' id='word_1_185' title='bbox 769 2477 831 2552; x_wconf 90' lang='lat' dir='ltr'>ipse</span> <span class='ocrx_word' id='word_1_186' title='bbox 852 2475 1024 2532; x_wconf 89' lang='lat' dir='ltr'>consciscere</span> <span class='ocrx_word' id='word_1_187' title='bbox 1038 2475 1109 2531; x_wconf 89' lang='lat' dir='ltr'>alius</span> 
     </span>
     <span class='ocr_line' id='line_1_24' title="bbox 141 2563 1140 2634; baseline 0.001 -12"><span class='ocrx_word' id='word_1_188' title='bbox 141 2565 254 2634; x_wconf 86' lang='lat' dir='ltr'>debeat,</span> <span class='ocrx_word' id='word_1_189' title='bbox 270 2567 342 2624; x_wconf 90' lang='lat' dir='ltr'>alius</span> <span class='ocrx_word' id='word_1_190' title='bbox 356 2567 383 2624; x_wconf 89' lang='lat' dir='ltr'>in</span> <span class='ocrx_word' id='word_1_191' title='bbox 398 2567 498 2624; x_wconf 87' lang='lat' dir='ltr'>eadem</span> <span class='ocrx_word' id='word_1_192' title='bbox 520 2585 605 2624; x_wconf 89' lang='lat' dir='ltr'>causa</span> <span class='ocrx_word' id='word_1_193' title='bbox 625 2585 682 2622; x_wconf 92' lang='lat' dir='ltr'>non</span> <span class='ocrx_word' id='word_1_194' title='bbox 704 2565 818 2623; x_wconf 87' lang='lat' dir='ltr'>debeat.</span> <span class='ocrx_word' id='word_1_195' title='bbox 859 2565 938 2622; x_wconf 89' lang='lat' dir='ltr'>Num</span> <span class='ocrx_word' id='word_1_196' title='bbox 961 2563 1035 2620; x_wconf 88' lang='lat' dir='ltr'>enim</span> <span class='ocrx_word' id='word_1_197' title='bbox 1055 2564 1140 2623; x_wconf 81' lang='lat' dir='ltr'>alia&#39;l</span> 
     </span>
     <span class='ocr_line' id='line_1_25' title="bbox 140 2653 1109 2730; baseline 0 -18"><span class='ocrx_word' id='word_1_198' title='bbox 140 2655 170 2712; x_wconf 91' lang='lat' dir='ltr'>in</span> <span class='ocrx_word' id='word_1_199' title='bbox 191 2675 275 2714; x_wconf 89' lang='lat' dir='ltr'>causa</span> <span class='ocrx_word' id='word_1_200' title='bbox 295 2657 334 2714; x_wconf 89' lang='lat' dir='ltr'>M.</span> <span class='ocrx_word' id='word_1_201' title='bbox 357 2657 429 2714; x_wconf 86' lang='lat' dir='ltr'>Cato</span> <span class='ocrx_word' id='word_1_202' title='bbox 449 2656 511 2722; x_wconf 88' lang='lat' dir='ltr'>fuit,</span> <span class='ocrx_word' id='word_1_203' title='bbox 532 2655 586 2712; x_wconf 87' lang='lat' dir='ltr'>alia</span> <span class='ocrx_word' id='word_1_204' title='bbox 607 2654 702 2720; x_wconf 88' lang='lat' dir='ltr'>ceteri,</span> <span class='ocrx_word' id='word_1_205' title='bbox 716 2654 765 2730; x_wconf 93' lang='lat' dir='ltr'>qui</span> <span class='ocrx_word' id='word_1_206' title='bbox 784 2673 816 2712; x_wconf 88' lang='lat' dir='ltr'>se</span> <span class='ocrx_word' id='word_1_207' title='bbox 835 2654 864 2710; x_wconf 93' lang='lat' dir='ltr'>iu</span> <span class='ocrx_word' id='word_1_208' title='bbox 883 2653 984 2711; x_wconf 87' lang='lat' dir='ltr'>Africa</span> <span class='ocrx_word' id='word_1_209' title='bbox 1004 2654 1109 2712; x_wconf 82' lang='lat' dir='ltr'>Oaesari</span> 
     </span>
     <span class='ocr_line' id='line_1_26' title="bbox 141 2743 1109 2823; baseline 0.001 -21"><span class='ocrx_word' id='word_1_210' title='bbox 141 2746 341 2804; x_wconf 80' lang='lat' dir='ltr'>tradiderunt?</span> <span class='ocrx_word' id='word_1_211' title='bbox 382 2745 473 2823; x_wconf 91' lang='lat' dir='ltr'>Atqui</span> <span class='ocrx_word' id='word_1_212' title='bbox 495 2745 595 2802; x_wconf 88' lang='lat' dir='ltr'>ceteris</span> <span class='ocrx_word' id='word_1_213' title='bbox 617 2743 734 2800; x_wconf 86' lang='lat' dir='ltr'>forsitan</span> <span class='ocrx_word' id='word_1_214' title='bbox 748 2744 814 2801; x_wconf 85' lang='lat' dir='ltr'>vitio</span> <span class='ocrx_word' id='word_1_215' title='bbox 828 2743 929 2802; x_wconf 89' lang='lat' dir='ltr'>datum</span> <span class='ocrx_word' id='word_1_216' title='bbox 943 2751 1026 2812; x_wconf 89' lang='lat' dir='ltr'>esset,</span> <span class='ocrx_word' id='word_1_217' title='bbox 1041 2745 1065 2802; x_wconf 88' lang='lat' dir='ltr'>si</span> <span class='ocrx_word' id='word_1_218' title='bbox 1078 2764 1109 2803; x_wconf 88' lang='lat' dir='ltr'>se</span> 
     </span>
     <span class='ocr_line' id='line_1_27' title="bbox 141 2833 1109 2911; baseline 0.002 -19"><span class='ocrx_word' id='word_1_219' title='bbox 141 2835 354 2904; x_wconf 85' lang='lat' dir='ltr'>interemissent,</span> <span class='ocrx_word' id='word_1_220' title='bbox 380 2844 531 2911; x_wconf 89' lang='lat' dir='ltr'>propterea</span> <span class='ocrx_word' id='word_1_221' title='bbox 555 2833 632 2910; x_wconf 92' lang='lat' dir='ltr'>qnod</span> <span class='ocrx_word' id='word_1_222' title='bbox 658 2833 747 2891; x_wconf 87' lang='lat' dir='ltr'>lenior</span> <span class='ocrx_word' id='word_1_223' title='bbox 769 2853 867 2892; x_wconf 88' lang='lat' dir='ltr'>eorum</span> <span class='ocrx_word' id='word_1_224' title='bbox 888 2833 947 2890; x_wconf 87' lang='lat' dir='ltr'>vita</span> <span class='ocrx_word' id='word_1_225' title='bbox 966 2843 996 2892; x_wconf 91' lang='lat' dir='ltr'>et</span> <span class='ocrx_word' id='word_1_226' title='bbox 1016 2854 1109 2894; x_wconf 88' lang='lat' dir='ltr'>mores</span> 
     </span>
     <span class='ocr_line' id='line_1_28' title="bbox 142 2923 1110 2988; baseline 0 -6"><span class='ocrx_word' id='word_1_227' title='bbox 142 2926 253 2983; x_wconf 89' lang='lat' dir='ltr'>fuerant</span> <span class='ocrx_word' id='word_1_228' title='bbox 267 2926 422 2982; x_wconf 85' lang='lat' dir='ltr'>faciliores:</span> <span class='ocrx_word' id='word_1_229' title='bbox 445 2924 547 2988; x_wconf 81' lang='lat' dir='ltr'>Catoni</span> <span class='ocrx_word' id='word_1_230' title='bbox 562 2944 627 2982; x_wconf 92' lang='lat' dir='ltr'>cum</span> <span class='ocrx_word' id='word_1_231' title='bbox 645 2923 836 2981; x_wconf 90' lang='lat' dir='ltr'>incredibilem</span> <span class='ocrx_word' id='word_1_232' title='bbox 849 2924 994 2982; x_wconf 88' lang='lat' dir='ltr'>tribuisset</span> <span class='ocrx_word' id='word_1_233' title='bbox 1007 2934 1110 2983; x_wconf 88' lang='lat' dir='ltr'>natura</span> 
     </span>
     <span class='ocr_line' id='line_1_29' title="bbox 142 3013 1109 3094; baseline 0.002 -22"><span class='ocrx_word' id='word_1_234' title='bbox 142 3015 320 3094; x_wconf 80' lang='lat' dir='ltr'>gravitatem,</span> <span class='ocrx_word' id='word_1_235' title='bbox 345 3033 465 3090; x_wconf 89' lang='lat' dir='ltr'>eamque</span> <span class='ocrx_word' id='word_1_236' title='bbox 485 3014 546 3092; x_wconf 90' lang='lat' dir='ltr'>ipse</span> <span class='ocrx_word' id='word_1_237' title='bbox 571 3023 712 3091; x_wconf 85' lang='lat' dir='ltr'>perpetua</span> <span class='ocrx_word' id='word_1_238' title='bbox 732 3013 890 3072; x_wconf 88' lang='lat' dir='ltr'>constantia</span> <span class='ocrx_word' id='word_1_239' title='bbox 911 3015 1109 3084; x_wconf 83' lang='lat' dir='ltr'>roboravisset,</span> 
     </span>
     <span class='ocr_line' id='line_1_30' title="bbox 143 3104 1107 3181; baseline 0.002 -19"><span class='ocrx_word' id='word_1_240' title='bbox 143 3123 311 3181; x_wconf 85' lang='lat' dir='ltr'>semperque</span> <span class='ocrx_word' id='word_1_241' title='bbox 334 3105 363 3161; x_wconf 91' lang='lat' dir='ltr'>in</span> <span class='ocrx_word' id='word_1_242' title='bbox 385 3104 742 3181; x_wconf 88' lang='lat' dir='ltr'>propositosusceptoque</span> <span class='ocrx_word' id='word_1_243' title='bbox 762 3104 875 3162; x_wconf 87' lang='lat' dir='ltr'>consilio</span> <span class='ocrx_word' id='word_1_244' title='bbox 897 3105 1107 3180; x_wconf 86' lang='lat' dir='ltr'>permansisset,</span> 
     </span>
     <span class='ocr_line' id='line_1_31' title="bbox 143 3193 1108 3271; baseline 0.004 -21"><span class='ocrx_word' id='word_1_245' title='bbox 143 3193 317 3252; x_wconf 88' lang='lat' dir='ltr'>moriendum</span> <span class='ocrx_word' id='word_1_246' title='bbox 342 3193 445 3271; x_wconf 88' lang='lat' dir='ltr'>potius,</span> <span class='ocrx_word' id='word_1_247' title='bbox 470 3212 556 3270; x_wconf 89' lang='lat' dir='ltr'>quam</span> <span class='ocrx_word' id='word_1_248' title='bbox 583 3194 693 3270; x_wconf 88' lang='lat' dir='ltr'>tyranni</span> <span class='ocrx_word' id='word_1_249' title='bbox 716 3195 813 3252; x_wconf 76' lang='lat' dir='ltr'>nutus</span> <span class='ocrx_word' id='word_1_250' title='bbox 840 3194 1030 3270; x_wconf 86' lang='lat' dir='ltr'>aspiciendus·</span> <span class='ocrx_word' id='word_1_251' title='bbox 1045 3196 1108 3254; x_wconf 86' lang='lat' dir='ltr'>fuit.</span> 
     </span>
     <span class='ocr_line' id='line_1_32' title="bbox 143 3283 1141 3361; baseline 0.005 -22"><span class='ocrx_word' id='word_1_252' title='bbox 143 3284 236 3352; x_wconf 79' lang='lat' dir='ltr'>Quam</span> <span class='ocrx_word' id='word_1_253' title='bbox 258 3283 350 3340; x_wconf 92' lang='lat' dir='ltr'>multa</span> <span class='ocrx_word' id='word_1_254' title='bbox 371 3302 472 3361; x_wconf 89' lang='lat' dir='ltr'>passus</span> <span class='ocrx_word' id='word_1_255' title='bbox 492 3289 536 3341; x_wconf 89' lang='lat' dir='ltr'>est</span> <span class='ocrx_word' id='word_1_256' title='bbox 550 3283 648 3340; x_wconf 87' lang='lat' dir='ltr'>Ulixes</span> <span class='ocrx_word' id='word_1_257' title='bbox 662 3284 691 3340; x_wconf 94' lang='lat' dir='ltr'>in</span> <span class='ocrx_word' id='word_1_258' title='bbox 709 3283 757 3340; x_wconf 90' lang='lat' dir='ltr'>illo</span> <span class='ocrx_word' id='word_1_259' title='bbox 769 3301 864 3342; x_wconf 89' lang='lat' dir='ltr'>errore</span> <span class='ocrx_word' id='word_1_260' title='bbox 884 3284 1027 3352; x_wconf 89' lang='lat' dir='ltr'>diuturno,</span> <span class='ocrx_word' id='word_1_261' title='bbox 1043 3293 1141 3344; x_wconf 71' lang='lat' dir='ltr'>cume</span> 
     </span>
     <span class='ocr_line' id='line_1_33' title="bbox 143 3371 1108 3451; baseline -0.001 -19"><span class='ocrx_word' id='word_1_262' title='bbox 143 3380 172 3432; x_wconf 90' lang='lat' dir='ltr'>et</span> <span class='ocrx_word' id='word_1_263' title='bbox 185 3373 347 3430; x_wconf 89' lang='lat' dir='ltr'>mulieribus</span> <span class='ocrx_word' id='word_1_264' title='bbox 359 3371 395 3451; x_wconf 92' lang='lat' dir='ltr'>(si</span> <span class='ocrx_word' id='word_1_265' title='bbox 410 3372 490 3430; x_wconf 79' lang='lat' dir='ltr'>Circe</span> <span class='ocrx_word' id='word_1_266' title='bbox 504 3379 533 3430; x_wconf 92' lang='lat' dir='ltr'>et</span> <span class='ocrx_word' id='word_1_267' title='bbox 548 3372 673 3450; x_wconf 85' lang='lat' dir='ltr'>Calypso</span> <span class='ocrx_word' id='word_1_268' title='bbox 687 3374 818 3431; x_wconf 90' lang='lat' dir='ltr'>mulieres</span> <span class='ocrx_word' id='word_1_269' title='bbox 832 3375 1013 3451; x_wconf 72' lang='lat' dir='ltr'>appellandae</span> <span class='ocrx_word' id='word_1_270' title='bbox 1028 3380 1108 3451; x_wconf 90' lang='lat' dir='ltr'>snut)</span> 
     </span>
     <span class='ocr_line' id='line_1_34' title="bbox 142 3462 1109 3538; baseline 0.003 -18"><span class='ocrx_word' id='word_1_271' title='bbox 142 3463 295 3530; x_wconf 82' lang='lat' dir='ltr'>inserviret,</span> <span class='ocrx_word' id='word_1_272' title='bbox 311 3470 340 3520; x_wconf 93' lang='lat' dir='ltr'>et</span> <span class='ocrx_word' id='word_1_273' title='bbox 353 3463 382 3520; x_wconf 93' lang='lat' dir='ltr'>in</span> <span class='ocrx_word' id='word_1_274' title='bbox 396 3462 472 3519; x_wconf 90' lang='lat' dir='ltr'>omui</span> <span class='ocrx_word' id='word_1_275' title='bbox 492 3481 620 3520; x_wconf 88' lang='lat' dir='ltr'>sermone</span> <span class='ocrx_word' id='word_1_276' title='bbox 643 3464 774 3522; x_wconf 89' lang='lat' dir='ltr'>omnibus</span> <span class='ocrx_word' id='word_1_277' title='bbox 795 3464 938 3522; x_wconf 88' lang='lat' dir='ltr'>affabilem</span> <span class='ocrx_word' id='word_1_278' title='bbox 958 3471 988 3520; x_wconf 89' lang='lat' dir='ltr'>et</span> <span class='ocrx_word' id='word_1_279' title='bbox 1007 3463 1109 3538; x_wconf 85' lang='lat' dir='ltr'>jucun-</span> 
     </span>
     <span class='ocr_line' id='line_1_35' title="bbox 142 3552 1111 3624; baseline -0.001 -14"><span class='ocrx_word' id='word_1_280' title='bbox 142 3552 212 3611; x_wconf 89' lang='lat' dir='ltr'>dum</span> <span class='ocrx_word' id='word_1_281' title='bbox 225 3571 255 3610; x_wconf 89' lang='lat' dir='ltr'>se</span> <span class='ocrx_word' id='word_1_282' title='bbox 270 3571 333 3610; x_wconf 85' lang='lat' dir='ltr'>esse</span> <span class='ocrx_word' id='word_1_283' title='bbox 346 3552 456 3610; x_wconf 76' lang='lat' dir='ltr'>vellet?</span> <span class='ocrx_word' id='word_1_284' title='bbox 488 3552 574 3610; x_wconf 92' lang='lat' dir='ltr'>Domi</span> <span class='ocrx_word' id='word_1_285' title='bbox 587 3572 653 3611; x_wconf 89' lang='lat' dir='ltr'>vero</span> <span class='ocrx_word' id='word_1_286' title='bbox 666 3553 752 3610; x_wconf 87' lang='lat' dir='ltr'>etiam</span> <span class='ocrx_word' id='word_1_287' title='bbox 766 3555 949 3611; x_wconf 89' lang='lat' dir='ltr'>contumelias</span> <span class='ocrx_word' id='word_1_288' title='bbox 963 3569 1111 3624; x_wconf 82' lang='lat' dir='ltr'>servorum</span> 
     </span>
     <span class='ocr_line' id='line_1_36' title="bbox 142 3639 1110 3721; baseline 0 -22"><span class='ocrx_word' id='word_1_289' title='bbox 142 3643 365 3718; x_wconf 87' lang='lat' dir='ltr'>ancillarumque</span> <span class='ocrx_word' id='word_1_290' title='bbox 385 3642 511 3719; x_wconf 89' lang='lat' dir='ltr'>pertulit,</span> <span class='ocrx_word' id='word_1_291' title='bbox 525 3649 559 3700; x_wconf 91' lang='lat' dir='ltr'>ut</span> <span class='ocrx_word' id='word_1_292' title='bbox 579 3642 615 3699; x_wconf 85' lang='lat' dir='ltr'>ad</span> <span class='ocrx_word' id='word_1_293' title='bbox 635 3643 663 3702; x_wconf 95' lang='lat' dir='ltr'>id</span> <span class='ocrx_word' id='word_1_294' title='bbox 686 3642 845 3721; x_wconf 89' lang='lat' dir='ltr'>aliquando,</span> <span class='ocrx_word' id='word_1_295' title='bbox 867 3640 945 3718; x_wconf 93' lang='lat' dir='ltr'>quod</span> <span class='ocrx_word' id='word_1_296' title='bbox 967 3639 1110 3716; x_wconf 86' lang='lat' dir='ltr'>cupiebat,</span> 
     </span>
     <span class='ocr_line' id='line_1_37' title="bbox 142 3731 1110 3810; baseline 0 -20"><span class='ocrx_word' id='word_1_297' title='bbox 142 3732 258 3792; x_wconf 88' lang='lat' dir='ltr'>veniret.</span> <span class='ocrx_word' id='word_1_298' title='bbox 293 3731 338 3790; x_wconf 86' lang='lat' dir='ltr'>At</span> <span class='ocrx_word' id='word_1_299' title='bbox 350 3731 437 3810; x_wconf 85' lang='lat' dir='ltr'>Ajax,</span> <span class='ocrx_word' id='word_1_300' title='bbox 452 3750 509 3809; x_wconf 90' lang='lat' dir='ltr'>quo</span> <span class='ocrx_word' id='word_1_301' title='bbox 523 3732 615 3791; x_wconf 88' lang='lat' dir='ltr'>animo</span> <span class='ocrx_word' id='word_1_302' title='bbox 629 3733 760 3800; x_wconf 87' lang='lat' dir='ltr'>traditur,</span> <span class='ocrx_word' id='word_1_303' title='bbox 769 3731 870 3790; x_wconf 86' lang='lat' dir='ltr'>millies</span> <span class='ocrx_word' id='word_1_304' title='bbox 883 3736 1022 3808; x_wconf 88' lang='lat' dir='ltr'>oppetere</span> <span class='ocrx_word' id='word_1_305' title='bbox 1034 3749 1110 3790; x_wconf 91' lang='lat' dir='ltr'>mor·</span> 
     </span>
    </p>

    <p class='ocr_par' dir='ltr' id='par_1_5' title="bbox 635 3820 676 3878">
     <span class='ocr_line' id='line_1_38' title="bbox 635 3820 676 3878; baseline 0 -21"><span class='ocrx_word' id='word_1_306' title='bbox 635 3820 676 3878; x_wconf 70' lang='lat'>4*</span> 
     </span>
    </p>
   </div>
   <div class='ocr_carea' id='block_1_5' title="bbox 0 0 1352 4292">
    <p class='ocr_par' dir='ltr' id='par_1_6' title="bbox 0 0 1352 4292">
     <span class='ocr_line' id='line_1_39' title="bbox 0 0 1352 4292; baseline 0 0"><span class='ocrx_word' id='word_1_307' title='bbox 0 0 1352 4292; x_wconf 95' lang='lat' dir='ltr'> </span> 
     </span>
    </p>
   </div>
  </div>
 </body>
</html>
