<?xml version="1.0" encoding="UTF-8"?>
<!DOCTYPE html PUBLIC "-//W3C//DTD XHTML 1.0 Transitional//EN"
    "http://www.w3.org/TR/xhtml1/DTD/xhtml1-transitional.dtd">
<html xmlns="http://www.w3.org/1999/xhtml" xml:lang="en" lang="en">
 <head>
  <title>
</title>
<meta http-equiv="Content-Type" content="text/html;charset=utf-8" />
  <meta name='ocr-system' content='tesseract 3.04.00' />
  <meta name='ocr-capabilities' content='ocr_page ocr_carea ocr_par ocr_line ocrx_word'/>
</head>
<body>
  <div class='ocr_page' id='page_1' title='image "./mtulliiciceroni02thacgoog_0054.png"; bbox 0 0 2692 4292; ppageno 0'>
   <div class='ocr_carea' id='block_1_1' title="bbox 163 319 763 376">
    <p class='ocr_par' dir='ltr' id='par_1_1' title="bbox 163 319 763 376">
     <span class='ocr_line' id='line_1_1' title="bbox 163 319 763 376; baseline 0 -2"><span class='ocrx_word' id='word_1_1' title='bbox 163 319 205 374; x_wconf 81' lang='lat'>40</span> <span class='ocrx_word' id='word_1_2' title='bbox 582 335 620 375; x_wconf 87' lang='lat' dir='ltr'>na</span> <span class='ocrx_word' id='word_1_3' title='bbox 635 333 763 376; x_wconf 81' lang='lat' dir='ltr'>orvrcrrs</span> 
     </span>
    </p>
   </div>
   <div class='ocr_carea' id='block_1_2' title="bbox 162 460 1193 2333">
    <p class='ocr_par' dir='ltr' id='par_1_2' title="bbox 214 460 1193 810">
     <span class='ocr_line' id='line_1_2' title="bbox 215 460 1192 541; baseline 0 -20"><span class='ocrx_word' id='word_1_4' title='bbox 215 469 262 521; x_wconf 90' lang='lat' dir='ltr'>tos</span> <span class='ocrx_word' id='word_1_5' title='bbox 285 481 347 520; x_wconf 86' lang='lat' dir='ltr'>esse</span> <span class='ocrx_word' id='word_1_6' title='bbox 368 463 512 540; x_wconf 84' lang='lat' dir='ltr'>personis:</span> <span class='ocrx_word' id='word_1_7' title='bbox 534 483 654 541; x_wconf 88' lang='lat' dir='ltr'>quarum</span> <span class='ocrx_word' id='word_1_8' title='bbox 678 483 736 524; x_wconf 87' lang='lat' dir='ltr'>una</span> <span class='ocrx_word' id='word_1_9' title='bbox 755 462 913 522; x_wconf 90' lang='lat' dir='ltr'>communis</span> <span class='ocrx_word' id='word_1_10' title='bbox 932 469 985 530; x_wconf 87' lang='lat' dir='ltr'>est,</span> <span class='ocrx_word' id='word_1_11' title='bbox 999 481 1035 520; x_wconf 87' lang='lat' dir='ltr'>ex</span> <span class='ocrx_word' id='word_1_12' title='bbox 1047 481 1091 529; x_wconf 89' lang='lat' dir='ltr'>eo,</span> <span class='ocrx_word' id='word_1_13' title='bbox 1106 460 1192 539; x_wconf 89' lang='lat' dir='ltr'>quod</span> 
     </span>
     <span class='ocr_line' id='line_1_3' title="bbox 216 553 1193 632; baseline -0.002 -20"><span class='ocrx_word' id='word_1_14' title='bbox 216 571 313 612; x_wconf 89' lang='lat' dir='ltr'>omnes</span> <span class='ocrx_word' id='word_1_15' title='bbox 338 555 489 631; x_wconf 78' lang='lat' dir='ltr'><strong>participes</strong></span> <span class='ocrx_word' id='word_1_16' title='bbox 514 573 612 612; x_wconf 90' lang='lat' dir='ltr'>sumus</span> <span class='ocrx_word' id='word_1_17' title='bbox 636 555 751 612; x_wconf 87' lang='lat' dir='ltr'>rationis</span> <span class='ocrx_word' id='word_1_18' title='bbox 775 553 1005 632; x_wconf 72' lang='lat' dir='ltr'>presentiaque</span> <span class='ocrx_word' id='word_1_19' title='bbox 1031 554 1103 632; x_wconf 88' lang='lat' dir='ltr'>ejus,</span> <span class='ocrx_word' id='word_1_20' title='bbox 1129 571 1193 630; x_wconf 89' lang='lat' dir='ltr'>qua</span> 
     </span>
     <span class='ocr_line' id='line_1_4' title="bbox 214 642 1189 721; baseline -0.002 -21"><span class='ocrx_word' id='word_1_21' title='bbox 214 645 408 702; x_wconf 77' lang='lat' dir='ltr'><strong>antecellimus</strong></span> <span class='ocrx_word' id='word_1_22' title='bbox 424 645 528 710; x_wconf 83' lang='lat' dir='ltr'>hestiis,</span> <span class='ocrx_word' id='word_1_23' title='bbox 544 663 632 721; x_wconf 85' lang='lat' dir='ltr'>aqua</span> <span class='ocrx_word' id='word_1_24' title='bbox 646 663 729 702; x_wconf 91' lang='lat' dir='ltr'>omne</span> <span class='ocrx_word' id='word_1_25' title='bbox 749 645 901 702; x_wconf 86' lang='lat' dir='ltr'>honestum</span> <span class='ocrx_word' id='word_1_26' title='bbox 921 642 1115 719; x_wconf 86' lang='lat' dir='ltr'>decorumque</span> <span class='ocrx_word' id='word_1_27' title='bbox 1128 649 1189 698; x_wconf 85' lang='lat' dir='ltr'>tra-</span> 
     </span>
     <span class='ocr_line' id='line_1_5' title="bbox 215 732 1190 810; baseline -0.002 -20"><span class='ocrx_word' id='word_1_28' title='bbox 215 733 300 802; x_wconf 85' lang='lat' dir='ltr'>hitur,</span> <span class='ocrx_word' id='word_1_29' title='bbox 326 741 356 791; x_wconf 95' lang='lat' dir='ltr'>et</span> <span class='ocrx_word' id='word_1_30' title='bbox 379 753 415 791; x_wconf 88' lang='lat' dir='ltr'>ex</span> <span class='ocrx_word' id='word_1_31' title='bbox 437 753 495 810; x_wconf 87' lang='lat' dir='ltr'>qua</span> <span class='ocrx_word' id='word_1_32' title='bbox 519 734 590 792; x_wconf 86' lang='lat' dir='ltr'>ratio</span> <span class='ocrx_word' id='word_1_33' title='bbox 610 733 768 790; x_wconf 84' lang='lat' dir='ltr'>inveniendi</span> <span class='ocrx_word' id='word_1_34' title='bbox 791 732 875 790; x_wconf 89' lang='lat' dir='ltr'>officii</span> <span class='ocrx_word' id='word_1_35' title='bbox 898 732 1069 810; x_wconf 75' lang='lat' dir='ltr'>exquiritur:</span> <span class='ocrx_word' id='word_1_36' title='bbox 1095 732 1190 788; x_wconf 82' lang='lat' dir='ltr'>altera</span> 
     </span>
    </p>

    <p class='ocr_par' dir='ltr' id='par_1_3' title="bbox 183 821 1188 1169">
     <span class='ocr_line' id='line_1_6' title="bbox 183 821 1188 902; baseline -0.002 -22"><span class='ocrx_word' id='word_1_37' title='bbox 183 829 200 880; x_wconf 84' lang='grc'>8</span> <span class='ocrx_word' id='word_1_38' title='bbox 215 829 320 891; x_wconf 85' lang='lat' dir='ltr'>autem,</span> <span class='ocrx_word' id='word_1_39' title='bbox 335 843 400 901; x_wconf 85' lang='lat' dir='ltr'>quae</span> <span class='ocrx_word' id='word_1_40' title='bbox 416 823 529 902; x_wconf 85' lang='lat' dir='ltr'>proprie</span> <span class='ocrx_word' id='word_1_41' title='bbox 544 822 660 900; x_wconf 83' lang='lat' dir='ltr'>singulis</span> <span class='ocrx_word' id='word_1_42' title='bbox 680 829 725 880; x_wconf 82' lang='lat' dir='ltr'>est</span> <span class='ocrx_word' id='word_1_43' title='bbox 742 822 858 882; x_wconf 87' lang='lat' dir='ltr'>tributa.</span> <span class='ocrx_word' id='word_1_44' title='bbox 898 822 941 880; x_wconf 91' lang='lat' dir='ltr'>Ut</span> <span class='ocrx_word' id='word_1_45' title='bbox 954 822 1029 880; x_wconf 88' lang='lat' dir='ltr'>enim</span> <span class='ocrx_word' id='word_1_46' title='bbox 1041 821 1070 879; x_wconf 93' lang='lat' dir='ltr'>in</span> <span class='ocrx_word' id='word_1_47' title='bbox 1083 840 1188 898; x_wconf 89' lang='lat' dir='ltr'>corpo-</span> 
     </span>
     <span class='ocr_line' id='line_1_7' title="bbox 215 911 1188 992; baseline -0.002 -22"><span class='ocrx_word' id='word_1_48' title='bbox 215 913 293 971; x_wconf 90' lang='lat' dir='ltr'>ribus</span> <span class='ocrx_word' id='word_1_49' title='bbox 314 931 428 992; x_wconf 74' lang='lat' dir='ltr'>magnae</span> <span class='ocrx_word' id='word_1_50' title='bbox 451 913 691 971; x_wconf 76' lang='lat' dir='ltr'>dissimilitudines</span> <span class='ocrx_word' id='word_1_51' title='bbox 710 921 786 978; x_wconf 88' lang='lat' dir='ltr'>sunt,</span> <span class='ocrx_word' id='word_1_52' title='bbox 807 912 878 970; x_wconf 86' lang='lat' dir='ltr'>alios</span> <span class='ocrx_word' id='word_1_53' title='bbox 891 912 1021 969; x_wconf 86' lang='lat' dir='ltr'>videmus</span> <span class='ocrx_word' id='word_1_54' title='bbox 1035 911 1188 970; x_wconf 82' lang='lat' dir='ltr'>velocitate</span> 
     </span>
     <span class='ocr_line' id='line_1_8' title="bbox 214 999 1188 1077; baseline -0.002 -17"><span class='ocrx_word' id='word_1_55' title='bbox 214 1003 252 1060; x_wconf 88' lang='lat' dir='ltr'>ad</span> <span class='ocrx_word' id='word_1_56' title='bbox 277 1023 401 1070; x_wconf 89' lang='lat' dir='ltr'>cursum,</span> <span class='ocrx_word' id='word_1_57' title='bbox 423 1003 492 1060; x_wconf 88' lang='lat' dir='ltr'>alios</span> <span class='ocrx_word' id='word_1_58' title='bbox 513 1002 618 1060; x_wconf 87' lang='lat' dir='ltr'>viribus</span> <span class='ocrx_word' id='word_1_59' title='bbox 639 1001 677 1058; x_wconf 85' lang='lat' dir='ltr'>ad</span> <span class='ocrx_word' id='word_1_60' title='bbox 697 1001 865 1060; x_wconf 85' lang='lat' dir='ltr'>luctandum</span> <span class='ocrx_word' id='word_1_61' title='bbox 879 1001 990 1067; x_wconf 86' lang='lat' dir='ltr'>valere;</span> <span class='ocrx_word' id='word_1_62' title='bbox 1009 1000 1135 1077; x_wconf 77' lang='lat' dir='ltr'>itemque</span> <span class='ocrx_word' id='word_1_63' title='bbox 1155 999 1188 1058; x_wconf 87' lang='lat' dir='ltr'>in</span> 
     </span>
     <span class='ocr_line' id='line_1_9' title="bbox 214 1089 1187 1169; baseline -0.002 -21"><span class='ocrx_word' id='word_1_64' title='bbox 214 1092 313 1150; x_wconf 79' lang='lat' dir='ltr'>formis</span> <span class='ocrx_word' id='word_1_65' title='bbox 326 1093 387 1150; x_wconf 88' lang='lat' dir='ltr'>aliis</span> <span class='ocrx_word' id='word_1_66' title='bbox 401 1091 569 1169; x_wconf 80' lang='lat' dir='ltr'>dignitatem</span> <span class='ocrx_word' id='word_1_67' title='bbox 583 1091 683 1158; x_wconf 86' lang='lat' dir='ltr'>inesse,</span> <span class='ocrx_word' id='word_1_68' title='bbox 697 1091 758 1148; x_wconf 82' lang='lat' dir='ltr'>aliis</span> <span class='ocrx_word' id='word_1_69' title='bbox 771 1097 967 1148; x_wconf 77' lang='lat' dir='ltr'>venustatem:</span> <span class='ocrx_word' id='word_1_70' title='bbox 988 1090 1027 1148; x_wconf 91' lang='lat' dir='ltr'>sic</span> <span class='ocrx_word' id='word_1_71' title='bbox 1041 1090 1071 1146; x_wconf 91' lang='lat' dir='ltr'>in</span> <span class='ocrx_word' id='word_1_72' title='bbox 1083 1089 1187 1146; x_wconf 85' lang='lat' dir='ltr'>animis</span> 
     </span>
    </p>

    <p class='ocr_par' dir='ltr' id='par_1_4' title="bbox 183 1178 1186 1349">
     <span class='ocr_line' id='line_1_10' title="bbox 183 1178 1183 1258; baseline -0.004 -18"><span class='ocrx_word' id='word_1_73' title='bbox 183 1187 200 1240; x_wconf 84' lang='grc'>9</span> <span class='ocrx_word' id='word_1_74' title='bbox 215 1181 339 1238; x_wconf 86' lang='lat' dir='ltr'>existunt</span> <span class='ocrx_word' id='word_1_75' title='bbox 360 1181 483 1258; x_wconf 88' lang='lat' dir='ltr'>majores</span> <span class='ocrx_word' id='word_1_76' title='bbox 503 1180 588 1238; x_wconf 90' lang='lat' dir='ltr'>etiam</span> <span class='ocrx_word' id='word_1_77' title='bbox 602 1180 762 1238; x_wconf 71' lang='lat' dir='ltr'>satietates.</span> <span class='ocrx_word' id='word_1_78' title='bbox 802 1180 873 1237; x_wconf 80' lang='lat' dir='ltr'>Erat</span> <span class='ocrx_word' id='word_1_79' title='bbox 888 1179 917 1237; x_wconf 90' lang='lat' dir='ltr'>in</span> <span class='ocrx_word' id='word_1_80' title='bbox 930 1179 963 1238; x_wconf 86' lang='lat' dir='ltr'>L.</span> <span class='ocrx_word' id='word_1_81' title='bbox 979 1179 1092 1246; x_wconf 83' lang='lat' dir='ltr'>Crasso,</span> <span class='ocrx_word' id='word_1_82' title='bbox 1106 1179 1136 1235; x_wconf 91' lang='lat' dir='ltr'>in</span> <span class='ocrx_word' id='word_1_83' title='bbox 1149 1178 1183 1236; x_wconf 89' lang='lat' dir='ltr'>L.</span> 
     </span>
     <span class='ocr_line' id='line_1_11' title="bbox 213 1268 1186 1349; baseline -0.003 -21"><span class='ocrx_word' id='word_1_84' title='bbox 213 1269 348 1347; x_wconf 92' lang='lat' dir='ltr'>Philippo</span> <span class='ocrx_word' id='word_1_85' title='bbox 361 1270 469 1328; x_wconf 86' lang='lat' dir='ltr'>mrdtus</span> <span class='ocrx_word' id='word_1_86' title='bbox 482 1269 579 1349; x_wconf 88' lang='lat' dir='ltr'>lepos:</span> <span class='ocrx_word' id='word_1_87' title='bbox 594 1269 686 1347; x_wconf 90' lang='lat' dir='ltr'>major</span> <span class='ocrx_word' id='word_1_88' title='bbox 699 1270 785 1328; x_wconf 86' lang='lat' dir='ltr'>etiam</span> <span class='ocrx_word' id='word_1_89' title='bbox 797 1269 945 1347; x_wconf 60' lang='lat' dir='ltr'>magisque</span> <span class='ocrx_word' id='word_1_90' title='bbox 959 1269 995 1326; x_wconf 89' lang='lat' dir='ltr'>de</span> <span class='ocrx_word' id='word_1_91' title='bbox 1005 1269 1146 1326; x_wconf 88' lang='lat' dir='ltr'>industria</span> <span class='ocrx_word' id='word_1_92' title='bbox 1154 1268 1186 1325; x_wconf 87' lang='lat' dir='ltr'>in</span> 
     </span>
    </p>

    <p class='ocr_par' dir='ltr' id='par_1_5' title="bbox 163 1357 1185 1886">
     <span class='ocr_line' id='line_1_12' title="bbox 217 1357 1184 1436; baseline -0.002 -20"><span class='ocrx_word' id='word_1_93' title='bbox 217 1359 249 1416; x_wconf 83' lang='grc' dir='ltr'>Ο.</span> <span class='ocrx_word' id='word_1_94' title='bbox 266 1360 390 1425; x_wconf 78' lang='lat' dir='ltr'>Caesare,</span> <span class='ocrx_word' id='word_1_95' title='bbox 405 1359 437 1417; x_wconf 92' lang='lat' dir='ltr'>L.</span> <span class='ocrx_word' id='word_1_96' title='bbox 453 1359 485 1417; x_wconf 83' lang='lat' dir='ltr'>F.</span> <span class='ocrx_word' id='word_1_97' title='bbox 523 1359 564 1417; x_wconf 81' lang='lat' dir='ltr'>At</span> <span class='ocrx_word' id='word_1_98' title='bbox 578 1359 679 1416; x_wconf 90' lang='lat' dir='ltr'>iisdem</span> <span class='ocrx_word' id='word_1_99' title='bbox 698 1359 876 1436; x_wconf 83' lang='lat' dir='ltr'>temporibus</span> <span class='ocrx_word' id='word_1_100' title='bbox 890 1359 920 1415; x_wconf 90' lang='lat' dir='ltr'>in</span> <span class='ocrx_word' id='word_1_101' title='bbox 933 1359 973 1416; x_wconf 95' lang='lat' dir='ltr'>M.</span> <span class='ocrx_word' id='word_1_102' title='bbox 988 1359 1098 1416; x_wconf 88' lang='lat' dir='ltr'>Scauro</span> <span class='ocrx_word' id='word_1_103' title='bbox 1111 1365 1142 1416; x_wconf 87' lang='lat' dir='ltr'>et</span> <span class='ocrx_word' id='word_1_104' title='bbox 1153 1357 1184 1414; x_wconf 89' lang='lat' dir='ltr'>in</span> 
     </span>
     <span class='ocr_line' id='line_1_13' title="bbox 213 1447 1185 1528; baseline -0.002 -22"><span class='ocrx_word' id='word_1_105' title='bbox 213 1449 253 1508; x_wconf 87' lang='lat' dir='ltr'>M.</span> <span class='ocrx_word' id='word_1_106' title='bbox 269 1449 364 1506; x_wconf 89' lang='lat' dir='ltr'>Druso</span> <span class='ocrx_word' id='word_1_107' title='bbox 377 1450 556 1508; x_wconf 75' lang='lat' dir='ltr'>adolescente</span> <span class='ocrx_word' id='word_1_108' title='bbox 570 1448 721 1528; x_wconf 85' lang='lat' dir='ltr'>singularis</span> <span class='ocrx_word' id='word_1_109' title='bbox 734 1447 878 1515; x_wconf 89' lang='lat' dir='ltr'>severitas,</span> <span class='ocrx_word' id='word_1_110' title='bbox 893 1448 922 1506; x_wconf 87' lang='lat' dir='ltr'>in</span> <span class='ocrx_word' id='word_1_111' title='bbox 936 1448 969 1506; x_wconf 85' lang='lat'>0.</span> <span class='ocrx_word' id='word_1_112' title='bbox 985 1447 1072 1506; x_wconf 82' lang='lat' dir='ltr'>Laelio</span> <span class='ocrx_word' id='word_1_113' title='bbox 1091 1447 1185 1504; x_wconf 87' lang='lat' dir='ltr'>multa</span> 
     </span>
     <span class='ocr_line' id='line_1_14' title="bbox 214 1537 1183 1617; baseline -0.003 -20"><span class='ocrx_word' id='word_1_114' title='bbox 214 1539 346 1607; x_wconf 83' lang='lat' dir='ltr'>hilaritas,</span> <span class='ocrx_word' id='word_1_115' title='bbox 361 1540 390 1598; x_wconf 90' lang='lat' dir='ltr'>in</span> <span class='ocrx_word' id='word_1_116' title='bbox 410 1540 473 1617; x_wconf 86' lang='lat' dir='ltr'>ejus</span> <span class='ocrx_word' id='word_1_117' title='bbox 493 1539 622 1596; x_wconf 82' lang='lat' dir='ltr'>familiari</span> <span class='ocrx_word' id='word_1_118' title='bbox 645 1537 776 1616; x_wconf 85' lang='lat' dir='ltr'>Scipione</span> <span class='ocrx_word' id='word_1_119' title='bbox 798 1539 914 1598; x_wconf 86' lang='lat' dir='ltr'>ambitio</span> <span class='ocrx_word' id='word_1_120' title='bbox 935 1539 1034 1616; x_wconf 85' lang='lat' dir='ltr'>major,</span> <span class='ocrx_word' id='word_1_121' title='bbox 1055 1537 1114 1595; x_wconf 88' lang='lat' dir='ltr'>vita</span> <span class='ocrx_word' id='word_1_122' title='bbox 1133 1537 1183 1594; x_wconf 86' lang='lat' dir='ltr'>tri·</span> 
     </span>
     <span class='ocr_line' id='line_1_15' title="bbox 163 1628 1182 1704; baseline -0.003 -17"><span class='ocrx_word' id='word_1_123' title='bbox 163 1635 200 1687; x_wconf 93' lang='lat'>10</span> <span class='ocrx_word' id='word_1_124' title='bbox 214 1630 291 1688; x_wconf 90' lang='lat' dir='ltr'>stior.</span> <span class='ocrx_word' id='word_1_125' title='bbox 333 1629 377 1686; x_wconf 91' lang='lat' dir='ltr'>Da</span> <span class='ocrx_word' id='word_1_126' title='bbox 394 1629 502 1688; x_wconf 76' lang='lat' dir='ltr'>Graecis</span> <span class='ocrx_word' id='word_1_127' title='bbox 522 1636 619 1686; x_wconf 91' lang='lat' dir='ltr'>autem</span> <span class='ocrx_word' id='word_1_128' title='bbox 640 1628 754 1687; x_wconf 79' lang='lat' dir='ltr'>dulcem</span> <span class='ocrx_word' id='word_1_129' title='bbox 768 1635 798 1686; x_wconf 89' lang='lat' dir='ltr'>ct</span> <span class='ocrx_word' id='word_1_130' title='bbox 811 1628 945 1694; x_wconf 81' lang='lat' dir='ltr'>facetum,</span> <span class='ocrx_word' id='word_1_131' title='bbox 960 1628 1109 1704; x_wconf 82' lang='lat' dir='ltr'>festivique</span> <span class='ocrx_word' id='word_1_132' title='bbox 1122 1645 1182 1684; x_wconf 88' lang='lat' dir='ltr'>ser·</span> 
     </span>
     <span class='ocr_line' id='line_1_16' title="bbox 212 1718 1184 1797; baseline -0.007 -19"><span class='ocrx_word' id='word_1_133' title='bbox 212 1719 311 1786; x_wconf 85' lang='lat' dir='ltr'>monis,</span> <span class='ocrx_word' id='word_1_134' title='bbox 335 1725 421 1796; x_wconf 89' lang='lat' dir='ltr'>atque</span> <span class='ocrx_word' id='word_1_135' title='bbox 442 1719 469 1776; x_wconf 92' lang='lat' dir='ltr'>in</span> <span class='ocrx_word' id='word_1_136' title='bbox 495 1719 572 1775; x_wconf 92' lang='lat' dir='ltr'>omni</span> <span class='ocrx_word' id='word_1_137' title='bbox 596 1718 722 1776; x_wconf 90' lang='lat' dir='ltr'>oratione</span> <span class='ocrx_word' id='word_1_138' title='bbox 748 1718 949 1785; x_wconf 88' lang='lat' dir='ltr'>simulatorem,</span> <span class='ocrx_word' id='word_1_139' title='bbox 975 1737 1060 1794; x_wconf 87' lang='lat' dir='ltr'>quem</span> <span class='ocrx_word' id='word_1_140' title='bbox 1088 1719 1184 1797; x_wconf 70' lang='lat' dir='ltr'>sigero</span> 
     </span>
     <span class='ocr_line' id='line_1_17' title="bbox 215 1807 1181 1886; baseline -0.002 -21"><span class='ocrx_word' id='word_1_141' title='bbox 215 1808 311 1866; x_wconf 84' lang='lat' dir='ltr'>Graeci</span> <span class='ocrx_word' id='word_1_142' title='bbox 325 1809 511 1874; x_wconf 85' lang='lat' dir='ltr'>nominarunt,</span> <span class='ocrx_word' id='word_1_143' title='bbox 524 1807 671 1866; x_wconf 83' lang='lat' dir='ltr'>Socratem</span> <span class='ocrx_word' id='word_1_144' title='bbox 681 1807 860 1886; x_wconf 87' lang='lat' dir='ltr'>accepimus:</span> <span class='ocrx_word' id='word_1_145' title='bbox 876 1817 975 1865; x_wconf 89' lang='lat' dir='ltr'>contra</span> <span class='ocrx_word' id='word_1_146' title='bbox 984 1808 1181 1884; x_wconf 83' lang='lat' dir='ltr'>Pythagoram</span> 
     </span>
    </p>

    <p class='ocr_par' dir='ltr' id='par_1_6' title="bbox 213 1896 1181 1956">
     <span class='ocr_line' id='line_1_18' title="bbox 213 1896 1181 1956; baseline -0.003 0"><span class='ocrx_word' id='word_1_147' title='bbox 213 1905 242 1956; x_wconf 90' lang='lat' dir='ltr'>et</span> <span class='ocrx_word' id='word_1_148' title='bbox 255 1897 394 1955; x_wconf 88' lang='lat' dir='ltr'>Periclem</span> <span class='ocrx_word' id='word_1_149' title='bbox 407 1915 547 1954; x_wconf 87' lang='lat' dir='ltr'>summam</span> <span class='ocrx_word' id='word_1_150' title='bbox 568 1899 765 1956; x_wconf 87' lang='lat' dir='ltr'>auctoritatem</span> <span class='ocrx_word' id='word_1_151' title='bbox 787 1906 954 1955; x_wconf 87' lang='lat' dir='ltr'>consecutos</span> <span class='ocrx_word' id='word_1_152' title='bbox 968 1897 1027 1954; x_wconf 87' lang='lat' dir='ltr'>sine</span> <span class='ocrx_word' id='word_1_153' title='bbox 1040 1897 1098 1954; x_wconf 89' lang='lat' dir='ltr'>ulla</span> <span class='ocrx_word' id='word_1_154' title='bbox 1111 1896 1181 1953; x_wconf 89' lang='lat' dir='ltr'>hila·</span> 
     </span>
    </p>

    <p class='ocr_par' dir='ltr' id='par_1_7' title="bbox 162 1985 1181 2333">
     <span class='ocr_line' id='line_1_19' title="bbox 163 1985 1181 2054; baseline 0 -10"><span class='ocrx_word' id='word_1_155' title='bbox 163 1992 196 2044; x_wconf 95' lang='grc'>11</span> <span class='ocrx_word' id='word_1_156' title='bbox 213 1987 305 2043; x_wconf 86' lang='lat' dir='ltr'>ritate.</span> <span class='ocrx_word' id='word_1_157' title='bbox 348 1985 490 2043; x_wconf 79' lang='lat' dir='ltr'>Callidum</span> <span class='ocrx_word' id='word_1_158' title='bbox 511 1986 701 2044; x_wconf 85' lang='lat' dir='ltr'>Hannibalem</span> <span class='ocrx_word' id='word_1_159' title='bbox 723 2005 759 2044; x_wconf 85' lang='lat' dir='ltr'>ex</span> <span class='ocrx_word' id='word_1_160' title='bbox 779 1987 942 2054; x_wconf 75' lang='lat' dir='ltr'>Poenorum,</span> <span class='ocrx_word' id='word_1_161' title='bbox 957 2006 993 2044; x_wconf 88' lang='lat' dir='ltr'>ex</span> <span class='ocrx_word' id='word_1_162' title='bbox 1012 1987 1114 2044; x_wconf 88' lang='lat' dir='ltr'>nostris</span> <span class='ocrx_word' id='word_1_163' title='bbox 1126 1986 1181 2043; x_wconf 91' lang='lat' dir='ltr'>du·</span> 
     </span>
     <span class='ocr_line' id='line_1_20' title="bbox 213 2075 1181 2154; baseline 0.001 -22"><span class='ocrx_word' id='word_1_164' title='bbox 213 2075 293 2133; x_wconf 90' lang='lat' dir='ltr'>cibus</span> <span class='ocrx_word' id='word_1_165' title='bbox 308 2075 344 2140; x_wconf 86' lang='lat' dir='ltr'>Q.</span> <span class='ocrx_word' id='word_1_166' title='bbox 361 2075 519 2133; x_wconf 82' lang='lat' dir='ltr'>Maximum</span> <span class='ocrx_word' id='word_1_167' title='bbox 539 2077 702 2154; x_wconf 89' lang='lat' dir='ltr'>accepimus</span> <span class='ocrx_word' id='word_1_168' title='bbox 720 2077 802 2134; x_wconf 86' lang='lat' dir='ltr'>facile</span> <span class='ocrx_word' id='word_1_169' title='bbox 817 2078 917 2143; x_wconf 88' lang='lat' dir='ltr'>celare,</span> <span class='ocrx_word' id='word_1_170' title='bbox 933 2084 1036 2144; x_wconf 88' lang='lat' dir='ltr'>tacere,</span> <span class='ocrx_word' id='word_1_171' title='bbox 1052 2077 1181 2134; x_wconf 90' lang='lat' dir='ltr'>dissimu-</span> 
     </span>
     <span class='ocr_line' id='line_1_21' title="bbox 162 2155 1181 2244; baseline -0.001 -20"><span class='ocrx_word' id='word_1_172' title='bbox 162 2171 197 2224; x_wconf 82' lang='lat'>12</span> <span class='ocrx_word' id='word_1_173' title='bbox 214 2165 281 2232; x_wconf 88' lang='lat' dir='ltr'>lare,</span> <span class='ocrx_word' id='word_1_174' title='bbox 303 2165 434 2231; x_wconf 85' lang='lat' dir='ltr'>insidiari,</span> <span class='ocrx_word' id='word_1_175' title='bbox 458 2166 609 2243; x_wconf 73' lang='lat' dir='ltr'>praeripere</span> <span class='ocrx_word' id='word_1_176' title='bbox 629 2155 754 2224; x_wconf 90' lang='lat' dir='ltr'>hostium</span> <span class='ocrx_word' id='word_1_177' title='bbox 775 2168 898 2225; x_wconf 88' lang='lat' dir='ltr'>consilia.</span> <span class='ocrx_word' id='word_1_178' title='bbox 940 2169 976 2224; x_wconf 88' lang='lat' dir='ltr'>In</span> <span class='ocrx_word' id='word_1_179' title='bbox 999 2186 1056 2243; x_wconf 86' lang='lat' dir='ltr'>quo</span> <span class='ocrx_word' id='word_1_180' title='bbox 1077 2185 1181 2244; x_wconf 84' lang='lat' dir='ltr'>genere</span> 
     </span>
     <span class='ocr_line' id='line_1_22' title="bbox 214 2255 1181 2333; baseline 0 -21"><span class='ocrx_word' id='word_1_181' title='bbox 214 2255 308 2312; x_wconf 83' lang='lat' dir='ltr'>Graeci</span> <span class='ocrx_word' id='word_1_182' title='bbox 323 2255 541 2312; x_wconf 84' lang='lat' dir='ltr'>Themistoclem</span> <span class='ocrx_word' id='word_1_183' title='bbox 561 2263 591 2312; x_wconf 87' lang='lat' dir='ltr'>et</span> <span class='ocrx_word' id='word_1_184' title='bbox 610 2256 764 2313; x_wconf 81' lang='lat' dir='ltr'>Pheraeum</span> <span class='ocrx_word' id='word_1_185' title='bbox 786 2257 920 2314; x_wconf 85' lang='lat' dir='ltr'>Jasonem</span> <span class='ocrx_word' id='word_1_186' title='bbox 942 2257 1042 2314; x_wconf 83' lang='lat' dir='ltr'>ceteris</span> <span class='ocrx_word' id='word_1_187' title='bbox 1063 2264 1181 2333; x_wconf 77' lang='lat' dir='ltr'>antepo</span> 
     </span>
    </p>
   </div>
   <div class='ocr_carea' id='block_1_3' title="bbox 213 2344 1195 2422">
    <p class='ocr_par' dir='ltr' id='par_1_8' title="bbox 213 2344 1195 2422">
     <span class='ocr_line' id='line_1_23' title="bbox 213 2344 1195 2422; baseline 0.002 -21"><span class='ocrx_word' id='word_1_188' title='bbox 213 2353 299 2412; x_wconf 90' lang='lat' dir='ltr'>nunt;</span> <span class='ocrx_word' id='word_1_189' title='bbox 314 2345 342 2402; x_wconf 91' lang='lat' dir='ltr'>in</span> <span class='ocrx_word' id='word_1_190' title='bbox 357 2344 509 2422; x_wconf 88' lang='lat' dir='ltr'>primisque</span> <span class='ocrx_word' id='word_1_191' title='bbox 519 2351 664 2402; x_wconf 88' lang='lat' dir='ltr'>versutum</span> <span class='ocrx_word' id='word_1_192' title='bbox 677 2354 707 2403; x_wconf 90' lang='lat' dir='ltr'>et</span> <span class='ocrx_word' id='word_1_193' title='bbox 720 2346 854 2403; x_wconf 90' lang='lat' dir='ltr'>callidum</span> <span class='ocrx_word' id='word_1_194' title='bbox 868 2346 977 2404; x_wconf 83' lang='lat' dir='ltr'>iactum</span> <span class='ocrx_word' id='word_1_195' title='bbox 990 2346 1110 2412; x_wconf 89' lang='lat' dir='ltr'>Solonis,</span> <span class='ocrx_word' id='word_1_196' title='bbox 1122 2345 1195 2422; x_wconf 85' lang='lat' dir='ltr'>qui,&#39;</span> 
     </span>
    </p>
   </div>
   <div class='ocr_carea' id='block_1_4' title="bbox 15 2435 1181 3760">
    <p class='ocr_par' dir='ltr' id='par_1_9' title="bbox 15 2435 1180 2782">
     <span class='ocr_line' id='line_1_24' title="bbox 212 2435 1179 2512; baseline 0.001 -20"><span class='ocrx_word' id='word_1_197' title='bbox 212 2455 269 2512; x_wconf 91' lang='lat' dir='ltr'>quo</span> <span class='ocrx_word' id='word_1_198' title='bbox 289 2443 318 2494; x_wconf 90' lang='lat' dir='ltr'>at</span> <span class='ocrx_word' id='word_1_199' title='bbox 339 2435 427 2493; x_wconf 90' lang='lat' dir='ltr'>tutior</span> <span class='ocrx_word' id='word_1_200' title='bbox 440 2436 497 2493; x_wconf 89' lang='lat' dir='ltr'>vita</span> <span class='ocrx_word' id='word_1_201' title='bbox 518 2435 580 2512; x_wconf 87' lang='lat' dir='ltr'>ejus</span> <span class='ocrx_word' id='word_1_202' title='bbox 600 2441 685 2501; x_wconf 88' lang='lat' dir='ltr'>esset,</span> <span class='ocrx_word' id='word_1_203' title='bbox 699 2444 729 2492; x_wconf 88' lang='lat' dir='ltr'>et</span> <span class='ocrx_word' id='word_1_204' title='bbox 743 2436 808 2512; x_wconf 88' lang='lat' dir='ltr'>plus</span> <span class='ocrx_word' id='word_1_205' title='bbox 829 2436 974 2512; x_wconf 88' lang='lat' dir='ltr'>aliquanto</span> <span class='ocrx_word' id='word_1_206' title='bbox 994 2435 1034 2492; x_wconf 88' lang='lat' dir='ltr'>rei</span> <span class='ocrx_word' id='word_1_207' title='bbox 1056 2435 1179 2512; x_wconf 86' lang='lat' dir='ltr'>publicae</span> 
     </span>
     <span class='ocr_line' id='line_1_25' title="bbox 15 2525 1179 2602; baseline 0.001 -21"><span class='ocrx_word' id='word_1_208' title='bbox 15 2559 24 2572; x_wconf 88' lang='lat'><em>-</em></span> <span class='ocrx_word' id='word_1_209' title='bbox 40 2565 133 2582; x_wconf 55' lang='lat' dir='ltr'>..m</span> <span class='ocrx_word' id='word_1_210' title='bbox 162 2530 198 2582; x_wconf 85' lang='grc'>13</span> <span class='ocrx_word' id='word_1_211' title='bbox 214 2526 370 2602; x_wconf 86' lang='lat' dir='ltr'>prodesset,</span> <span class='ocrx_word' id='word_1_212' title='bbox 383 2527 475 2585; x_wconf 82' lang='lat' dir='ltr'>furere</span> <span class='ocrx_word' id='word_1_213' title='bbox 487 2545 517 2584; x_wconf 91' lang='lat' dir='ltr'>se</span> <span class='ocrx_word' id='word_1_214' title='bbox 528 2525 678 2582; x_wconf 88' lang='lat' dir='ltr'>simulavit.</span> <span class='ocrx_word' id='word_1_215' title='bbox 711 2525 785 2581; x_wconf 86' lang='lat' dir='ltr'>Sunt</span> <span class='ocrx_word' id='word_1_216' title='bbox 796 2525 840 2582; x_wconf 92' lang='lat' dir='ltr'>his</span> <span class='ocrx_word' id='word_1_217' title='bbox 850 2525 896 2582; x_wconf 90' lang='lat' dir='ltr'>alii</span> <span class='ocrx_word' id='word_1_218' title='bbox 906 2526 1028 2600; x_wconf 83' lang='lat' dir='ltr'>multum</span> <span class='ocrx_word' id='word_1_219' title='bbox 1043 2526 1179 2602; x_wconf 86' lang='lat' dir='ltr'>dispares,</span> 
     </span>
     <span class='ocr_line' id='line_1_26' title="bbox 213 2614 1179 2693; baseline 0.002 -22"><span class='ocrx_word' id='word_1_220' title='bbox 213 2615 352 2692; x_wconf 88' lang='lat' dir='ltr'>simplices</span> <span class='ocrx_word' id='word_1_221' title='bbox 377 2624 406 2672; x_wconf 89' lang='lat' dir='ltr'>et</span> <span class='ocrx_word' id='word_1_222' title='bbox 430 2615 538 2693; x_wconf 88' lang='lat' dir='ltr'>aperti;</span> <span class='ocrx_word' id='word_1_223' title='bbox 559 2615 608 2692; x_wconf 92' lang='lat' dir='ltr'>qui</span> <span class='ocrx_word' id='word_1_224' title='bbox 632 2614 701 2672; x_wconf 89' lang='lat' dir='ltr'>nihil</span> <span class='ocrx_word' id='word_1_225' title='bbox 724 2633 761 2672; x_wconf 88' lang='lat' dir='ltr'>ex</span> <span class='ocrx_word' id='word_1_226' title='bbox 783 2615 906 2682; x_wconf 89' lang='lat' dir='ltr'>occulto,</span> <span class='ocrx_word' id='word_1_227' title='bbox 927 2615 996 2672; x_wconf 89' lang='lat' dir='ltr'>nihil</span> <span class='ocrx_word' id='word_1_228' title='bbox 1017 2615 1053 2672; x_wconf 89' lang='lat' dir='ltr'>de</span> <span class='ocrx_word' id='word_1_229' title='bbox 1073 2615 1179 2673; x_wconf 85' lang='lat' dir='ltr'>insidiis</span> 
     </span>
     <span class='ocr_line' id='line_1_27' title="bbox 212 2703 1180 2782; baseline 0.003 -22"><span class='ocrx_word' id='word_1_230' title='bbox 212 2703 356 2780; x_wconf 86' lang='lat' dir='ltr'>agendum</span> <span class='ocrx_word' id='word_1_231' title='bbox 378 2712 488 2780; x_wconf 89' lang='lat' dir='ltr'>putant,</span> <span class='ocrx_word' id='word_1_232' title='bbox 503 2705 628 2762; x_wconf 84' lang='lat' dir='ltr'>veritatis</span> <span class='ocrx_word' id='word_1_233' title='bbox 648 2705 779 2771; x_wconf 88' lang='lat' dir='ltr'>cultores,</span> <span class='ocrx_word' id='word_1_234' title='bbox 794 2705 902 2761; x_wconf 83' lang='lat' dir='ltr'>fraudis</span> <span class='ocrx_word' id='word_1_235' title='bbox 915 2705 1036 2774; x_wconf 89' lang='lat' dir='ltr'>inimici;</span> <span class='ocrx_word' id='word_1_236' title='bbox 1056 2706 1180 2782; x_wconf 85' lang='lat' dir='ltr'>itemque</span> 
     </span>
    </p>

    <p class='ocr_par' dir='ltr' id='par_1_10' title="bbox 212 2793 1179 2960">
     <span class='ocr_line' id='line_1_28' title="bbox 212 2793 1179 2873; baseline 0.005 -24"><span class='ocrx_word' id='word_1_237' title='bbox 212 2794 266 2859; x_wconf 89' lang='lat' dir='ltr'>alii,</span> <span class='ocrx_word' id='word_1_238' title='bbox 288 2793 336 2869; x_wconf 90' lang='lat' dir='ltr'>qui</span> <span class='ocrx_word' id='word_1_239' title='bbox 356 2793 468 2869; x_wconf 86' lang='lat' dir='ltr'>quidvis</span> <span class='ocrx_word' id='word_1_240' title='bbox 491 2795 694 2872; x_wconf 89' lang='lat' dir='ltr'>perpetiantur,</span> <span class='ocrx_word' id='word_1_241' title='bbox 717 2794 804 2852; x_wconf 88' lang='lat' dir='ltr'>cuivis</span> <span class='ocrx_word' id='word_1_242' title='bbox 825 2795 994 2864; x_wconf 87' lang='lat' dir='ltr'>deserviant,</span> <span class='ocrx_word' id='word_1_243' title='bbox 1010 2796 1090 2863; x_wconf 72' lang='lat' dir='ltr'>dum..</span> <span class='ocrx_word' id='word_1_244' title='bbox 1102 2796 1179 2873; x_wconf 93' lang='lat' dir='ltr'>quod</span> 
     </span>
     <span class='ocr_line' id='line_1_29' title="bbox 213 2883 1178 2960; baseline 0.004 -20"><span class='ocrx_word' id='word_1_245' title='bbox 213 2883 308 2950; x_wconf 89' lang='lat' dir='ltr'>velint,</span> <span class='ocrx_word' id='word_1_246' title='bbox 324 2895 548 2960; x_wconf 88' lang='lat' dir='ltr'>consequantur:</span> <span class='ocrx_word' id='word_1_247' title='bbox 570 2891 603 2940; x_wconf 93' lang='lat' dir='ltr'>ut</span> <span class='ocrx_word' id='word_1_248' title='bbox 623 2884 733 2940; x_wconf 84' lang='lat' dir='ltr'>Sullam</span> <span class='ocrx_word' id='word_1_249' title='bbox 753 2895 783 2942; x_wconf 91' lang='lat' dir='ltr'>et</span> <span class='ocrx_word' id='word_1_250' title='bbox 800 2885 838 2942; x_wconf 89' lang='lat' dir='ltr'>M.</span> <span class='ocrx_word' id='word_1_251' title='bbox 856 2886 991 2943; x_wconf 82' lang='lat' dir='ltr'>Crassum</span> <span class='ocrx_word' id='word_1_252' title='bbox 1005 2887 1178 2944; x_wconf 86' lang='lat' dir='ltr'>videbamus.</span> 
     </span>
    </p>

    <p class='ocr_par' dir='ltr' id='par_1_11' title="bbox 162 2972 1180 3143">
     <span class='ocr_line' id='line_1_30' title="bbox 162 2972 1179 3052; baseline 0 -20"><span class='ocrx_word' id='word_1_253' title='bbox 162 2979 199 3032; x_wconf 84' lang='lat'>14</span> <span class='ocrx_word' id='word_1_254' title='bbox 214 2972 320 3041; x_wconf 80' lang='lat' dir='ltr'>Quoia</span> <span class='ocrx_word' id='word_1_255' title='bbox 334 2991 438 3049; x_wconf 84' lang='lat' dir='ltr'>genere</span> <span class='ocrx_word' id='word_1_256' title='bbox 453 2972 677 3030; x_wconf 88' lang='lat' dir='ltr'>versutissimum</span> <span class='ocrx_word' id='word_1_257' title='bbox 689 2981 720 3031; x_wconf 90' lang='lat' dir='ltr'>et</span> <span class='ocrx_word' id='word_1_258' title='bbox 740 2975 979 3052; x_wconf 85' lang='lat' dir='ltr'>patientissimum</span> <span class='ocrx_word' id='word_1_259' title='bbox 998 2976 1179 3033; x_wconf 71' lang='lat' dir='ltr'>Incedaemo-</span> 
     </span>
     <span class='ocr_line' id='line_1_31' title="bbox 213 3062 1180 3143; baseline 0.006 -25"><span class='ocrx_word' id='word_1_260' title='bbox 213 3063 289 3119; x_wconf 91' lang='lat' dir='ltr'>nium</span> <span class='ocrx_word' id='word_1_261' title='bbox 312 3062 491 3138; x_wconf 88' lang='lat' dir='ltr'>Lysandrum</span> <span class='ocrx_word' id='word_1_262' title='bbox 512 3063 672 3140; x_wconf 89' lang='lat' dir='ltr'>accepimus</span> <span class='ocrx_word' id='word_1_263' title='bbox 683 3084 690 3132; x_wconf 76' lang='grc' dir='ltr'><strong><em>ς</em></strong></span> <span class='ocrx_word' id='word_1_264' title='bbox 710 3073 866 3142; x_wconf 85' lang='lat' dir='ltr'>contraque</span> <span class='ocrx_word' id='word_1_265' title='bbox 888 3066 1106 3133; x_wconf 76' lang='lat' dir='ltr'>Callicratidam,</span> <span class='ocrx_word' id='word_1_266' title='bbox 1130 3067 1180 3143; x_wconf 91' lang='lat' dir='ltr'>qui</span> 
     </span>
    </p>

    <p class='ocr_par' dir='ltr' id='par_1_12' title="bbox 163 3152 1179 3233">
     <span class='ocr_line' id='line_1_32' title="bbox 163 3152 1179 3233; baseline 0.005 -25"><span class='ocrx_word' id='word_1_267' title='bbox 163 3160 198 3214; x_wconf 84' lang='lat'>15</span> <span class='ocrx_word' id='word_1_268' title='bbox 215 3152 367 3229; x_wconf 75' lang='lat' dir='ltr'>praelectus</span> <span class='ocrx_word' id='word_1_269' title='bbox 382 3152 478 3209; x_wconf 83' lang='lat' dir='ltr'>classis</span> <span class='ocrx_word' id='word_1_270' title='bbox 492 3154 637 3229; x_wconf 82' lang='lat' dir='ltr'>proximus</span> <span class='ocrx_word' id='word_1_271' title='bbox 658 3163 724 3231; x_wconf 90' lang='lat' dir='ltr'>post</span> <span class='ocrx_word' id='word_1_272' title='bbox 744 3154 924 3232; x_wconf 87' lang='lat' dir='ltr'>Lysandrum</span> <span class='ocrx_word' id='word_1_273' title='bbox 946 3156 1007 3215; x_wconf 82' lang='lat' dir='ltr'>ruit.</span> <span class='ocrx_word' id='word_1_274' title='bbox 1049 3157 1179 3233; x_wconf 85' lang='lat' dir='ltr'>Itemque</span> 
     </span>
    </p>

    <p class='ocr_par' dir='ltr' id='par_1_13' title="bbox 212 3241 1180 3322">
     <span class='ocr_line' id='line_1_33' title="bbox 212 3241 1180 3322; baseline 0.004 -22"><span class='ocrx_word' id='word_1_275' title='bbox 212 3242 240 3300; x_wconf 92' lang='lat' dir='ltr'>in</span> <span class='ocrx_word' id='word_1_276' title='bbox 255 3241 430 3299; x_wconf 89' lang='lat' dir='ltr'>sermonibus</span> <span class='ocrx_word' id='word_1_277' title='bbox 445 3241 539 3308; x_wconf 88' lang='lat' dir='ltr'>alium,</span> <span class='ocrx_word' id='word_1_278' title='bbox 552 3244 681 3319; x_wconf 86' lang='lat' dir='ltr'>quamvis</span> <span class='ocrx_word' id='word_1_279' title='bbox 696 3253 859 3322; x_wconf 85' lang='lat' dir='ltr'>praepotens</span> <span class='ocrx_word' id='word_1_280' title='bbox 873 3246 918 3313; x_wconf 90' lang='lat' dir='ltr'>sit,</span> <span class='ocrx_word' id='word_1_281' title='bbox 930 3246 1048 3312; x_wconf 85' lang='lat' dir='ltr'>efficere,</span> <span class='ocrx_word' id='word_1_282' title='bbox 1060 3255 1094 3303; x_wconf 91' lang='lat' dir='ltr'>ut</span> <span class='ocrx_word' id='word_1_283' title='bbox 1106 3265 1180 3304; x_wconf 88' lang='lat' dir='ltr'>unus</span> 
     </span>
    </p>

    <p class='ocr_par' dir='ltr' id='par_1_14' title="bbox 214 3330 1180 3413">
     <span class='ocr_line' id='line_1_34' title="bbox 214 3330 1180 3413; baseline 0.005 -23"><span class='ocrx_word' id='word_1_284' title='bbox 214 3333 250 3390; x_wconf 89' lang='lat' dir='ltr'>de</span> <span class='ocrx_word' id='word_1_285' title='bbox 272 3331 367 3388; x_wconf 91' lang='lat' dir='ltr'>multis</span> <span class='ocrx_word' id='word_1_286' title='bbox 390 3347 451 3387; x_wconf 88' lang='lat' dir='ltr'>esse</span> <span class='ocrx_word' id='word_1_287' title='bbox 471 3330 616 3388; x_wconf 87' lang='lat' dir='ltr'>videatur:</span> <span class='ocrx_word' id='word_1_288' title='bbox 638 3332 716 3409; x_wconf 92' lang='lat' dir='ltr'>quod</span> <span class='ocrx_word' id='word_1_289' title='bbox 736 3333 765 3390; x_wconf 90' lang='lat' dir='ltr'>in</span> <span class='ocrx_word' id='word_1_290' title='bbox 786 3336 897 3404; x_wconf 79' lang='lat' dir='ltr'>Catulo,</span> <span class='ocrx_word' id='word_1_291' title='bbox 913 3343 942 3394; x_wconf 90' lang='lat' dir='ltr'>et</span> <span class='ocrx_word' id='word_1_292' title='bbox 955 3336 983 3393; x_wconf 90' lang='lat' dir='ltr'>in</span> <span class='ocrx_word' id='word_1_293' title='bbox 1004 3343 1094 3413; x_wconf 90' lang='lat' dir='ltr'>patre,</span> <span class='ocrx_word' id='word_1_294' title='bbox 1109 3343 1138 3394; x_wconf 90' lang='lat' dir='ltr'>et</span> <span class='ocrx_word' id='word_1_295' title='bbox 1151 3337 1180 3394; x_wconf 88' lang='lat' dir='ltr'>in</span> 
     </span>
    </p>

    <p class='ocr_par' dir='ltr' id='par_1_15' title="bbox 163 3419 1178 3503">
     <span class='ocr_line' id='line_1_35' title="bbox 163 3419 1178 3503; baseline 0.002 -22"><span class='ocrx_word' id='word_1_296' title='bbox 163 3429 198 3482; x_wconf 87' lang='grc'>16</span> <span class='ocrx_word' id='word_1_297' title='bbox 213 3423 277 3489; x_wconf 89' lang='lat' dir='ltr'>filio,</span> <span class='ocrx_word' id='word_1_298' title='bbox 287 3422 410 3497; x_wconf 90' lang='lat' dir='ltr'>itemque</span> <span class='ocrx_word' id='word_1_299' title='bbox 419 3419 446 3476; x_wconf 90' lang='lat' dir='ltr'>in</span> <span class='ocrx_word' id='word_1_300' title='bbox 458 3420 491 3488; x_wconf 80' lang='lat' dir='ltr'>Q.</span> <span class='ocrx_word' id='word_1_301' title='bbox 503 3419 597 3477; x_wconf 91' lang='lat' dir='ltr'>Mucio</span> <span class='ocrx_word' id='word_1_302' title='bbox 608 3421 720 3478; x_wconf 88' lang='lat' dir='ltr'>Mancia</span> <span class='ocrx_word' id='word_1_303' title='bbox 728 3423 857 3483; x_wconf 90' lang='lat' dir='ltr'>vidimus.</span> <span class='ocrx_word' id='word_1_304' title='bbox 899 3425 1007 3483; x_wconf 90' lang='lat' dir='ltr'>Audivi</span> <span class='ocrx_word' id='word_1_305' title='bbox 1017 3445 1052 3484; x_wconf 86' lang='lat' dir='ltr'>ex</span> <span class='ocrx_word' id='word_1_306' title='bbox 1066 3425 1178 3503; x_wconf 88' lang='lat' dir='ltr'>majori·</span> 
     </span>
    </p>

    <p class='ocr_par' dir='ltr' id='par_1_16' title="bbox 106 3509 1181 3760">
     <span class='ocr_line' id='line_1_36' title="bbox 106 3509 1181 3591; baseline 0.001 -20"><span class='ocrx_word' id='word_1_307' title='bbox 106 3547 119 3574; x_wconf 82' lang='lat'>.-</span> <span class='ocrx_word' id='word_1_308' title='bbox 214 3514 267 3571; x_wconf 87' lang='lat' dir='ltr'>bus</span> <span class='ocrx_word' id='word_1_309' title='bbox 278 3519 355 3578; x_wconf 89' lang='lat' dir='ltr'>natu,</span> <span class='ocrx_word' id='word_1_310' title='bbox 371 3511 425 3568; x_wconf 90' lang='lat' dir='ltr'>hoc</span> <span class='ocrx_word' id='word_1_311' title='bbox 440 3509 515 3567; x_wconf 90' lang='lat' dir='ltr'>idem</span> <span class='ocrx_word' id='word_1_312' title='bbox 535 3509 621 3566; x_wconf 87' lang='lat' dir='ltr'>fuisse</span> <span class='ocrx_word' id='word_1_313' title='bbox 635 3511 663 3567; x_wconf 90' lang='lat' dir='ltr'>in</span> <span class='ocrx_word' id='word_1_314' title='bbox 678 3511 710 3568; x_wconf 94' lang='lat' dir='ltr'>P.</span> <span class='ocrx_word' id='word_1_315' title='bbox 727 3512 858 3590; x_wconf 88' lang='lat' dir='ltr'>Scipione</span> <span class='ocrx_word' id='word_1_316' title='bbox 882 3514 1002 3581; x_wconf 79' lang='lat' dir='ltr'>Nasica3</span> <span class='ocrx_word' id='word_1_317' title='bbox 1025 3523 1181 3591; x_wconf 85' lang='lat' dir='ltr'>contraque</span> 
     </span>
     <span class='ocr_line' id='line_1_37' title="bbox 111 3599 1179 3682; baseline 0.004 -25"><span class='ocrx_word' id='word_1_318' title='bbox 111 3615 114 3620; x_wconf 79' lang='grc'>’</span> <span class='ocrx_word' id='word_1_319' title='bbox 213 3611 323 3682; x_wconf 87' lang='lat' dir='ltr'>patrem</span> <span class='ocrx_word' id='word_1_320' title='bbox 338 3601 409 3679; x_wconf 90' lang='lat' dir='ltr'>ejus,</span> <span class='ocrx_word' id='word_1_321' title='bbox 423 3601 510 3665; x_wconf 89' lang='lat' dir='ltr'>illum,</span> <span class='ocrx_word' id='word_1_322' title='bbox 526 3600 574 3676; x_wconf 90' lang='lat' dir='ltr'>qui</span> <span class='ocrx_word' id='word_1_323' title='bbox 588 3600 628 3657; x_wconf 84' lang='lat' dir='ltr'>Ti.</span> <span class='ocrx_word' id='word_1_324' title='bbox 646 3599 768 3660; x_wconf 85' lang='lat' dir='ltr'>Gracchi</span> <span class='ocrx_word' id='word_1_325' title='bbox 782 3612 899 3660; x_wconf 91' lang='lat' dir='ltr'>conatus</span> <span class='ocrx_word' id='word_1_326' title='bbox 914 3603 1041 3681; x_wconf 89' lang='lat' dir='ltr'>perditos</span> <span class='ocrx_word' id='word_1_327' title='bbox 1056 3605 1179 3662; x_wconf 89' lang='lat' dir='ltr'>vindica-</span> 
     </span>
     <span class='ocr_line' id='line_1_38' title="bbox 212 3690 1181 3760; baseline 0.003 -9"><span class='ocrx_word' id='word_1_328' title='bbox 212 3692 262 3760; x_wconf 91' lang='lat' dir='ltr'>vit,</span> <span class='ocrx_word' id='word_1_329' title='bbox 287 3692 393 3749; x_wconf 88' lang='lat' dir='ltr'>nullam</span> <span class='ocrx_word' id='word_1_330' title='bbox 416 3691 579 3748; x_wconf 87' lang='lat' dir='ltr'>comitatem</span> <span class='ocrx_word' id='word_1_331' title='bbox 598 3690 732 3750; x_wconf 88' lang='lat' dir='ltr'>habuisse</span> <span class='ocrx_word' id='word_1_332' title='bbox 754 3693 905 3750; x_wconf 88' lang='lat' dir='ltr'>sermonis:</span> <span class='ocrx_word' id='word_1_333' title='bbox 930 3711 966 3750; x_wconf 88' lang='lat' dir='ltr'>ne</span> <span class='ocrx_word' id='word_1_334' title='bbox 989 3694 1181 3755; x_wconf 86' lang='lat' dir='ltr'>Xenocratem</span> 
     </span>
    </p>
   </div>
   <div class='ocr_carea' id='block_1_5' title="bbox 1329 750 1332 867">
    <p class='ocr_par' dir='ltr' id='par_1_17' title="bbox 1329 726 1332 897">
     <span class='ocr_line' id='line_1_39' title="bbox 1329 750 1332 867; baseline 0 0"><span class='ocrx_word' id='word_1_335' title='bbox 1329 750 1332 867; x_wconf 83' lang='lat' dir='ltr'>l</span> 
     </span>
    </p>
   </div>
   <div class='ocr_carea' id='block_1_6' title="bbox 0 0 1350 4292">
    <p class='ocr_par' dir='ltr' id='par_1_18' title="bbox 0 0 1350 4292">
     <span class='ocr_line' id='line_1_40' title="bbox 0 0 1350 4292; baseline 0 1"><span class='ocrx_word' id='word_1_336' title='bbox 0 0 1350 4292; x_wconf 95' lang='lat' dir='ltr'> </span> 
     </span>
    </p>
   </div>
  </div>
 </body>
</html>
