2692 4292
528 355 613 396 umus
625 356 669 396 ιιι.
710 355 778 396 oar.
793 357 841 396 xv.
1123 341 1182 398 lot

162 481 275 538 multa?
289 481 432 558 impetrat.
460 483 537 540 Emit
544 484 631 542 homo
639 483 761 561 cupidus
768 491 799 542 et
806 483 934 562 locuples
941 483 1022 550 tanti,
1031 482 1130 560 quanti

163 570 288 646 Pythius
302 571 400 638 voluit,
416 579 446 630 et
466 572 533 630 emit
553 573 714 631 instructos.
756 573 879 631 Nomina
892 573 968 639 facit,
982 573 1129 650 negotium

161 661 284 718 conficit.
325 659 429 718 Invitat
439 661 543 720 Canius
558 662 694 738 postridie
704 663 854 720 familiares
863 681 939 719 suos.
971 663 1058 720 Venit
1067 662 1162 740 ipset

162 756 282 806 mature.
324 750 471 808 Soalmum
484 751 594 808 nullum
606 751 691 808 videt.
724 752 832 819 Quaerit
843 770 879 808 ex
889 751 1017 827 proximo
1027 751 1127 819 vicino,

162 857 232 894 num
254 839 330 895 ferire
351 839 484 915 quadam
507 841 680 916 piscatorum
702 847 806 906 essent,
821 840 899 918 quod
912 859 962 898 eos
982 841 1074 898 nullos
1087 841 1127 898 vi-

161 925 253 984 deret.
295 928 322 984 N
325 929 397 996 ullae,
412 929 490 1005 quod
504 929 601 996 sciam,
616 930 662 988 ille
684 929 783 1006 inquit,
797 930 850 987 sed
872 930 918 987 hic
938 929 1040 1006 piscari
1059 929 1129 988 nulli

161 1016 272 1074 solent:
287 1016 381 1092 itaque
392 1017 452 1074 heri
463 1017 594 1086 mirabar,
607 1019 677 1095 quid
687 1018 845 1077 accidisset
887 1017 1064 1076 Stomachari
1073 1018 1127 1076 Oa·

162 1104 234 1162 nius.
275 1105 336 1164 Sed
344 1106 413 1182 quid
421 1107 550 1164 faceret?
587 1107 724 1164 Nondum
734 1107 808 1166 enim
818 1107 969 1184 Aquillius,
981 1107 1090 1185 collega
1098 1112 1160 1164 etll

162 1193 305 1251 familiaris
325 1213 415 1262 meus,
431 1197 589 1272 protulerat
602 1197 639 1254 de
653 1197 721 1254 dolo
737 1197 812 1254 malo
831 1197 975 1256 formulas.
1017 1197 1053 1254 In
1065 1196 1125 1273 qui-
1143 1200 1180 1254 10

163 1283 218 1340 bus
241 1284 308 1360 ipsis
332 1302 397 1342 oum
421 1303 458 1342 ex
478 1305 512 1342 eo
532 1294 715 1361 quareretrn,
729 1286 798 1364 quid
822 1293 898 1344 esset
921 1287 1005 1345 dolus
1024 1286 1126 1354 malus,

162 1373 362 1451 respondebat,
372 1393 438 1431 cum
453 1381 528 1432 esset
542 1375 618 1434 aliud
633 1375 807 1443 simulatum,
816 1375 893 1434 aliud
914 1383 1020 1432 actum.
1062 1376 1126 1432 Hoc

162 1463 278 1538 quidem
291 1481 358 1520 sane
372 1463 523 1530 luculente,
530 1471 563 1520 ut
577 1466 613 1521 ab
627 1464 740 1522 homine
755 1465 846 1541 perito
856 1463 1015 1521 deliniendi.
1047 1464 1126 1542 Ergo
1141 1469 1177 1522 11

162 1560 193 1610 et
205 1553 327 1628 Pythius
350 1558 381 1609 et
401 1571 500 1609 omnes
521 1553 598 1612 aliud
621 1561 748 1630 agentes,
763 1552 841 1610 aliud
863 1553 1036 1619 simulantes,
1060 1571 1124 1628 per-

162 1641 220 1707 fidi,
234 1641 365 1718 improbi,
378 1641 516 1698 malitiosi.
559 1642 679 1698 Nullum
693 1641 779 1718 igitur
792 1659 892 1698 eorum
905 1641 1015 1698 iactum
1028 1647 1125 1718 potest

162 1729 232 1788 utile
247 1749 318 1798 esse,
333 1749 399 1788 curn
413 1730 450 1787 sit
463 1738 507 1788 tot
520 1731 595 1788 vitiis
608 1731 795 1808 inquinatum.

202 1909 266 1966 XV.
282 1907 390 1977 Quodsi
398 1908 561 1984 Aquilliaua
569 1909 696 1966 definitio
705 1929 772 1968 vera
783 1917 835 1976 est,
842 1927 879 1966 ex
889 1908 966 1967 omni
974 1909 1033 1966 vita
1039 1909 1126 1968 simu·

162 1999 230 2056 latio
245 1998 487 2073 dissimulatioque
501 1999 626 2055 tollenda
640 2006 692 2056 est.
735 2001 781 2056 Ita
800 2017 851 2056 nec
872 2006 906 2056 ut
925 2005 1004 2056 emat
1016 1999 1125 2066 melius,

164 2107 218 2146 neo
233 2096 265 2145 ut
279 2087 392 2154 vendat,
402 2087 553 2163 quicquam
565 2088 708 2150 simulabit
717 2095 769 2145 aut
778 2087 965 2146 dissimulabit
974 2088 1123 2146 virbonus.

162 2180 261 2254 Atque
275 2178 327 2234 istc
341 2177 424 2234 dolus
438 2177 528 2234 malus
543 2184 571 2234 et
585 2178 696 2255 legibus
716 2185 778 2234 erat
790 2177 957 2244 vindicatus,
977 2177 1023 2253 (ut
1036 2178 1126 2235 tutela
1140 2183 1158 2234 2

161 2267 312 2324 duodetim
321 2265 432 2332 tabulis,
441 2266 661 2342 circumscriptio
672 2267 894 2324 adolescentium
900 2267 965 2342 lege
970 2265 1125 2342 Plaetoria)

161 2364 191 2413 et
200 2355 258 2414 sine
267 2357 330 2432 lege
336 2355 458 2431 judiciis
467 2355 495 2412 in
504 2355 729 2430 quibusadditur
752 2376 795 2412 nx
817 2374 902 2412 sinn
927 2373 1034 2412 noas.
1069 2355 1158 2412 Bae-3

160 2446 302 2521 liquorum
315 2452 411 2502 autem
423 2443 595 2521 judiciorum
608 2446 669 2502 haec
681 2445 768 2502 verba
782 2445 903 2500 maxime
917 2443 1076 2500 excellunt:
1096 2443 1126 2498 in

161 2533 276 2592 arbitrio
290 2533 329 2590 rei
343 2533 455 2600 uxorin,
477 2552 615 2591 usuros
642 2551 807 2596 nquius:
828 2533 856 2588 in
870 2531 982 2598 fiducia,
1008 2551 1049 2589 nr
1075 2551 1125 2587 ιιι·

160 2643 230 2680 nnn
258 2641 379 2683 nouos
407 2641 504 2680 anun
529 2641 652 2680 aaran.
695 2620 1159 2698 Quidergolautineo,quod4

161 2731 295 2770 usurus
323 2730 477 2776 nomos,
501 2719 596 2787 potest
607 2710 977 2788 ullaparsinessefraudisl
991 2718 1126 2777 anteum

161 2802 395 2858 dicitur1srns
418 2819 532 2858 nouos
557 2821 649 2858 snas
672 2820 797 2867 sorus,
813 2799 1126 2877 quicquamagidolose

162 2899 212 2948 aut
225 2891 362 2948 malitiose
377 2892 494 2967 potest?
536 2890 627 2948 Dolus
641 2899 739 2947 autem
752 2890 844 2946 malus
855 2890 884 2946 in
895 2888 1081 2956 simrdatione,
1091 2896 1125 2945 ut
1139 2897 1157 2949 b

161 2980 201 3036 ait
211 2980 361 3055 Aquillius,
374 2979 540 3038 continetur.
581 2979 750 3038 Tollendum
763 2986 809 3036 est
822 2979 953 3057 igiturex
963 2979 1048 3036 rebus
1059 2998 1125 3036 oon·

161 3069 306 3127 trahendis
316 3087 398 3126 omne
409 3067 597 3126 mendacium.
639 3069 707 3126 Non
716 3069 910 3126 inlicitatorem
921 3068 1058 3136 venditor,
1068 3087 1126 3126 non
1139 3073 1157 3127 6

161 3159 211 3235 qui
231 3164 329 3215 contra
349 3158 505 3224 reliceatur,
521 3165 633 3234 emptor
653 3166 787 3234 apponet.
829 3158 965 3234 Uterque,
979 3158 1003 3216 si
1016 3159 1054 3216 ed
1068 3159 1125 3216 elo·

160 3248 307 3323 quendum
322 3247 437 3313 venerit,
453 3265 510 3304 non
525 3247 598 3323 plus,
610 3266 696 3322 quam
710 3247 806 3313 semel,
817 3247 972 3323 eloquetur.
1014 3248 1048 3315 Q.
1063 3247 1123 3322 qui·
1139 3245 1157 3303 7

162 3336 229 3394 dem
244 3336 380 3402 Scaevola,
395 3337 429 3394 P.
445 3336 487 3403 F,
503 3355 568 3393 curn
590 3337 772 3413 postulasset,
786 3343 820 3394 ut
840 3336 893 3395 sibi
912 3335 1026 3400 fundus,
1042 3335 1125 3409 cujus

161 3433 273 3503 emptor
292 3432 362 3492 erat,
384 3425 472 3484 semel
493 3426 672 3491 iudicaretur,
687 3425 775 3501 idque
795 3426 924 3483 venditor
943 3423 983 3480 ita
1002 3422 1124 3488 fecisset,

160 3515 240 3581 dixit,
256 3533 287 3571 se
302 3515 389 3590 pluris
404 3515 559 3572 aestimare:
580 3514 691 3571 addidit
705 3522 819 3572 centum
839 3513 922 3570 milia.
964 3511 1057 3568 Nemo
1070 3515 1123 3575 est,
1145 3515 1164 3568 8

160 3605 210 3680 qui
232 3604 286 3662 hoc
301 3604 351 3660 viri
372 3604 437 3661 boni
459 3604 545 3662 fuisse
566 3611 668 3681 neget,
690 3603 832 3680 sapientis,
847 3606 968 3676 negant:
990 3604 1024 3654 ut
1036 3598 1060 3654 si
1072 3597 1125 3654 mi·

159 3693 245 3763 noris,
261 3711 346 3771 quam
368 3693 516 3770 potuisset,
531 3693 713 3752 vendidisset.
756 3691 827 3748 Huc
841 3688 929 3767 igitur
941 3686 1047 3746 ostilia
1060 3692 1157 3766 per-9
