2692 4292
450 795 607 868 LIBER
633 792 867 870 Tertius,

247 1139 272 1198 Ι.
293 1139 429 1197 Porum
443 1139 619 1208 Sermonum,
635 1141 732 1198 Marce
751 1139 798 1206 lili,
813 1157 887 1204 eum,
901 1137 951 1215 qui
970 1136 1081 1214 primns
1093 1134 1170 1194 Affi-

208 1246 296 1286 canus
305 1228 467 1304 appellatus
473 1235 525 1296 cst,
534 1229 627 1287 dicere
640 1229 755 1286 solitum
764 1227 877 1304 scripsit
888 1227 970 1292 Cato,
981 1227 1032 1303 qui
1044 1226 1099 1286 luit
1110 1227 1171 1282 fere

207 1317 270 1393 ejus
284 1316 407 1393 equalis,
415 1317 577 1392 Nunquam
589 1320 717 1376 eminus
725 1319 844 1374 otiorum
850 1335 911 1382 csse,
920 1335 1007 1390 prtum
1019 1331 1085 1370 cum
1102 1313 1171 1371 otio·

176 1412 193 1465 2
208 1407 522 1475 summouendum,
534 1425 620 1483 quum
628 1409 852 1464 comederant.
881 1405 1172 1482 Magnificaverovox

207 1503 236 1553 et
248 1513 351 1573 magno
360 1495 420 1554 viro
430 1513 463 1554 ac
472 1497 598 1572 sapiente
609 1497 711 1576 digus:
726 1515 791 1574 quae
800 1496 934 1561 declarat,
944 1494 1025 1551 illum
1035 1493 1103 1550 etin
1112 1492 1171 1550 otio

207 1585 243 1642 de
257 1585 376 1664 negotiis
389 1585 514 1662 cogitare
529 1586 599 1644 etin
612 1586 764 1644 solitudine
776 1603 873 1642 secum
893 1583 970 1659 loqui
983 1583 1097 1640 solitum
1108 1601 1116 1650 ;
1137 1587 1172 1640 ut

207 1693 298 1751 neque
313 1683 437 1732 cessaret
450 1693 583 1752 unquam,
598 1683 628 1733 et
651 1675 794 1733 interdum
815 1673 955 1749 colloquio
975 1671 1091 1729 alterius
1110 1690 1171 1729 non

208 1771 313 1840 egeret.
355 1765 457 1839 Itaque
470 1763 536 1821 duae
549 1783 603 1832 res,
618 1783 684 1841 quae
696 1764 864 1840 languorem
877 1762 999 1819 afferunt
1011 1761 1122 1827 ceteris,
1136 1760 1170 1818 il·

175 1858 192 1910 θ
207 1851 267 1909 lum
280 1854 429 1917 acuebant,
440 1853 529 1910 otium
543 1861 572 1910 et
586 1852 718 1911 solitudo.
753 1852 865 1910 Vellem
878 1851 959 1908 nobis
973 1851 1028 1908 boc
1041 1849 1117 1908 idem
1126 1850 1170 1908 di·

208 1957 271 1998 cere
286 1941 398 1997 boaret:
420 1941 471 1998 sed
485 1941 509 1998 si
522 1943 614 2000 minus
627 1943 782 2000 imitatione
795 1948 905 1998 tautam
916 1939 1020 2018 ingenii
1033 1947 1170 2016 prestan-

208 2028 277 2086 tiam
291 2030 424 2106 consequi
438 2049 596 2106 possumus,
607 2033 752 2090 voluntate
766 2039 843 2089 certe
857 2030 984 2107 proxime
997 2028 1168 2087 accedimus.

174 2123 192 2176 4
208 2118 284 2175 Nam
304 2125 334 2175 et
353 2137 370 2174 a
391 2138 421 2176 re
442 2120 555 2195 publica
568 2119 781 2197 forensibusque
794 2119 914 2198 negotiis
926 2118 1010 2176 aunis
1023 2118 1116 2195 impiis
1128 2118 1170 2175 vi·

207 2225 262 2284 que
283 2207 424 2284 prohibiti,
439 2209 527 2266 otium
549 2210 760 2286 persequimur:
781 2217 811 2268 et
824 2209 862 2267 ob
876 2227 939 2266 eam
959 2226 1083 2273 causam,
1097 2207 1169 2266 urbe

175 2296 314 2364 trelicta,
335 2317 401 2354 rura
424 2309 615 2376 peragrantes,
641 2317 718 2377 saepe
738 2299 791 2356 soli
814 2317 921 2356 sumus.
962 2296 1022 2354 Sed
1040 2315 1094 2354 nec
1113 2297 1169 2354 hoc

206 2386 293 2445 otium
308 2407 374 2445 cum
387 2387 514 2446 Africani
528 2388 593 2454 otio,
608 2407 660 2446 nec
680 2389 743 2446 brec
763 2387 888 2445 solitudo
907 2406 973 2444 cum
992 2386 1041 2443 illa
1054 2404 1169 2462 compa·

174 2481 192 2536 d
207 2477 295 2535 rande
308 2469 360 2536 est.
402 2477 454 2535 ille
468 2477 541 2535 e'nim
555 2477 734 2554 requiescens
747 2496 766 2534 a
778 2477 819 2534 rei
832 2477 954 2554 publice
974 2475 1169 2553 pulcherrimis

207 2567 370 2626 muneribus
390 2567 479 2625 otium
499 2567 552 2625 sibi
572 2567 703 2624 sumebat
716 2566 877 2643 aliquando,
891 2575 921 2624 et
942 2584 961 2622 a
980 2573 1059 2622 coetu
1078 2565 1168 2622 homi-

206 2674 273 2712 num
293 2656 505 2732 frequentiaque
519 2655 670 2723 interdum,
685 2663 831 2732 tamquam
851 2655 880 2712 in
900 2661 1022 2731 portum,
1037 2654 1110 2712 sein
1122 2673 1167 2711 so-

175 2743 351 2802 llitudinem
366 2744 527 2821 recipiebat.
569 2745 707 2804 Nostrum
721 2753 818 2802 autem
837 2744 927 2802 otium
946 2743 1052 2821 negotii
1064 2743 1166 2820 inopia,

206 2851 263 2890 non
277 2833 469 2908 requiescendi
482 2833 584 2901 stadie,
599 2835 784 2892 constitutum
797 2841 849 2891 eat.
891 2833 1024 2890 Extincto
1036 2832 1111 2889 enim
1123 2850 1167 2890 se-

208 2927 278 2977 natu
297 2919 454 2996 deletisque
472 2921 593 2999 judiciis,
609 2923 678 3000 quid
692 2932 744 2990 est,
758 2922 836 3000 quod
850 2922 970 3000 dignum
982 2921 1063 2979 nobis
1076 2921 1168 2978 autin

175 3014 193 3067 8
207 3008 284 3067 cuda
297 3017 347 3065 aut
360 3009 388 3066 in
401 3010 463 3067 loro
476 3029 560 3088 agere
576 3013 740 3088 possimus‘.l
781 3013 835 3079 Ita,
849 3011 939 3088 quiin
952 3010 1075 3068 maxima
1094 3011 1167 3068 cele·

209 3097 312 3155 britatc
326 3105 411 3173 atque
431 3098 460 3156 in
480 3100 568 3158 oculis
588 3101 690 3158 civium
704 3100 847 3178 quondam
861 3101 1021 3168 vixerimus,
1034 3119 1109 3157 nunc
1122 3101 1167 3158 fu·

206 3186 315 3264 gientm
339 3195 522 3264 conspectum
544 3189 753 3257 sceleratorum,
767 3190 871 3267 quibus
884 3189 978 3246 omnia
997 3189 1166 3257 redundant,

175 3281 192 3334 9
207 3275 337 3334 abdimus
351 3294 411 3341 nos,
426 3284 563 3352 quantum
583 3278 657 3345 licet,
676 3287 706 3336 et
724 3298 803 3356 saepe
816 3279 869 3338 soli
881 3297 987 3336 sumus.
1028 3278 1087 3336 Sed
1101 3279 1169 3356 quia

207 3365 247 3424 sic
260 3366 297 3423 ab
311 3365 470 3424 hominibus
485 3364 576 3423 doctis
591 3366 762 3442 accepimus,
777 3388 834 3426 uon
846 3370 939 3426 solum
959 3387 996 3426 ex
1015 3368 1098 3425 malis
1117 3369 1167 3426 eli-

206 3473 273 3534 gere
288 3455 401 3512 minima
415 3461 560 3532 oportera;
581 3453 632 3511 sed
653 3455 739 3513 otiam
758 3476 910 3535 excerpere
929 3475 966 3514 ex
987 3457 1032 3514 bis
1051 3457 1129 3535 ipsis,
1144 3459 1169 3516 si

207 3544 275 3622 quid
297 3544 401 3602 inesset
422 3543 502 3604 boni:
525 3551 678 3620 propterea
690 3552 721 3602 et
733 3546 790 3604 otio
803 3547 890 3613 fruor,
905 3565 960 3604 uon
981 3546 1030 3604 illo
1042 3547 1168 3623 quidem,

206 3652 264 3711 quo
277 3633 445 3702 debebatis,
460 3633 509 3712 qui
522 3633 666 3711 quondam
687 3636 844 3712 peperisset
862 3637 953 3694 otium
972 3635 1094 3703 mutam
1114 3655 1169 3697 nec
