2692 4292
572 297 610 336 D!
625 296 753 338 omens

205 423 378 502 laudentque
398 443 441 494 ea,
457 445 523 502 quse
541 424 687 484 laudanda
702 425 839 492 ncnsint,
853 423 976 490 obeam,
990 423 1086 491 credo,
1100 443 1174 482 cau-

205 536 276 582 sam,
291 515 366 593 qnod
382 515 447 574 insit
460 515 489 574 in
503 517 546 574 lris
560 515 666 593 aliquid
680 515 770 594 probi,
785 514 864 592 quod
877 512 971 592 capiat
983 513 1106 590 ignmos,
1120 513 1176 590 qni

205 605 329 686 quidem,
357 605 425 683 qnid
452 606 481 664 in
508 625 680 682 unaquaque
705 624 736 664 re
763 605 823 662 vitii
849 604 895 671 sit,
922 610 1067 679 nequeant
1090 603 1173 681 judi-

206 713 278 753 care.
320 695 423 771 Itaque
444 715 510 752 cum
531 706 598 752 sunt
611 695 689 754 docti
703 714 722 752 a
734 694 841 772 peritis,
856 694 998 753 desistunt
1011 695 1093 752 facile
1106 715 1174 754 sen-

205 785 300 844 tentis.
342 785 395 842 IV.
418 785 490 843 Haec
510 785 597 862 igitur
618 785 718 852 officia,
732 783 769 842 de
783 784 887 861 quibus
904 784 950 842 bis
967 785 1046 844 libris
1059 785 1173 842 disseri

206 893 278 943 mus,
289 875 369 952 qnasi
380 874 505 932 secunda
515 875 648 951 quasdam
663 875 782 932 honesta
795 893 858 932 ease
867 874 976 941 dicunt,
989 893 1048 932 non
1061 875 1173 951 sapien-

205 965 275 1022 tium
286 965 373 1022 modo
381 963 502 1042 propria,
512 963 562 1022 sed
574 963 724 1022 cumomni
733 964 879 1021 bominum
888 981 991 1041 genere
999 965 1170 1022 communia

207 1055 309 1132 Itaque
328 1054 372 1112 his
386 1071 492 1120 omnes,
506 1053 534 1112 in
547 1053 652 1130 quibus
672 1061 717 1112 est
729 1053 842 1112 rutulis
860 1052 978 1120 indoles,
992 1073 1173 1112 commoven-

129 1165 138 1184 ν
173 1149 192 1202 2
206 1153 261 1202 tur.
303 1144 364 1201 Nec
380 1163 446 1201 vero
466 1163 532 1202 enm
546 1143 604 1202 duo
619 1143 700 1201 Decii
717 1150 769 1201 ant
781 1143 841 1200 duo
853 1143 999 1219 Scipiones
1017 1144 1107 1201 fortes
1121 1143 1174 1200 viri

206 1239 470 1299 commemorantur,
484 1240 536 1290 aut
555 1253 621 1291 cum
635 1233 781 1291 Fabricius
794 1240 846 1290 ant
858 1233 1000 1291 Aristides
1011 1233 1108 1310 justus
1122 1253 1172 1290 no

206 1322 336 1389 minatur,
351 1329 401 1380 aut
421 1323 458 1382 ab
478 1322 532 1380 illis
555 1322 735 1390 fortitudinis,
751 1329 803 1381 aut
821 1323 860 1381 ab
880 1323 925 1380 his
942 1323 1079 1400 justitiae,
1098 1330 1172 1380 tam-

174 1419 192 1472 8
207 1431 293 1490 quam
307 1430 325 1469 a
339 1412 474 1489 sapiente,
490 1413 598 1490 petitur
611 1413 782 1490 exemplum.
818 1414 913 1472 Nemo
925 1414 1000 1471 enlm
1013 1414 1118 1471 horum
1131 1413 1173 1471 sic

207 1503 369 1580 sapiebant
383 1502 681 1580 sapientemvvolumns
700 1503 838 1580 intelligi3
858 1522 911 1561 nec
924 1503 952 1570 ii,
966 1503 1017 1580 qui
1029 1503 1174 1580 sapientes

207 1593 297 1652 habiti
310 1600 339 1651 et
352 1591 496 1660 nominati,
512 1593 551 1650 M.
568 1592 643 1650 Cato
657 1600 687 1650 et
706 1593 739 1652 0.
755 1593 868 1660 Laelius,
882 1593 1026 1669 sapientes
1039 1593 1173 1659 luerunt3

206 1701 242 1740 ne
256 1683 295 1741 illi
305 1682 420 1760 quidem
434 1689 563 1759 septem:
585 1682 637 1741 sed
650 1701 687 1740 ex
700 1683 858 1741 mediorum
871 1682 1027 1740 officiorum
1041 1683 1172 1760 frequen-

174 1777 194 1832 4
207 1773 247 1832 tia
260 1772 469 1830 similitudinem
482 1771 625 1848 quandam
647 1773 786 1850 gerebant
799 1773 980 1850 speciemque
992 1772 1172 1850 sapientium.

208 1862 346 1930 Quocirca
366 1879 418 1918 nec
439 1861 476 1928 id,
491 1861 569 1938 quod
584 1881 649 1920 vere
668 1863 821 1920 honestum
834 1869 887 1930 est,
901 1863 945 1920 ias
960 1870 1004 1921 est
1018 1882 1085 1920 cum
1098 1863 1173 1920 utili-

206 1951 273 2010 tatis
284 1951 471 2028 repugnantia
481 1952 654 2028 comparari:
676 1971 729 2008 nec
738 1952 778 2020 id,
789 1952 868 2029 quod
878 1953 1066 2011 communiter
1074 1953 1173 2030 appel·

207 2039 299 2098 lamus
320 2041 480 2107 honestum,
495 2041 573 2116 quod
594 2041 696 2099 colitur
712 2042 750 2100 ab
763 2042 805 2108 iis,
820 2042 870 2119 qni
887 2043 976 2100 bonos
990 2061 1021 2100 se
1034 2043 1109 2100 viros
1122 2043 1173 2099 ha·

208 2129 268 2188 beri
288 2129 395 2195 volunt,
417 2149 482 2186 cum
505 2131 702 2188 emolumentis
723 2151 851 2208 unquam
873 2139 918 2190 est
939 2133 1171 2209 comparandum.

175 2227 193 2280 5
208 2219 333 2296 Tamque
353 2219 383 2277 id
403 2219 563 2286 honestum,
578 2221 656 2296 quod
675 2221 704 2278 in
717 2229 845 2278 nostram
858 2222 1073 2300 intelligentiam
1086 2221 1171 2288 cadit,

208 2309 345 2367 tuendum
359 2310 639 2386 conservandumque
653 2311 734 2368 nobis
748 2317 800 2378 est,
815 2331 903 2387 qnam
916 2312 995 2379 illud,
1010 2311 1088 2387 quod
1107 2330 1172 2388 prc-

176 2406 194 2461 6
209 2399 269 2478 prie
281 2399 385 2458 dicitur
407 2418 528 2476 vereque
542 2411 587 2457 est
600 2401 761 2466 honestum,
772 2401 955 2478 sapientibus.
990 2401 1085 2459 Aliter
1098 2401 1173 2458 enim

208 2490 297 2548 teneri
318 2509 373 2548 non
394 2497 497 2567 potest,
513 2489 536 2548 si
550 2508 606 2567 qua
627 2491 664 2548 ad
683 2491 817 2549 virtutm
838 2499 883 2548 est
902 2493 980 2549 lacta
1000 2491 1170 2568 progressio.

209 2579 268 2637 Sed
289 2581 350 2638 haec
367 2580 481 2656 quidem
500 2580 537 2638 de
557 2579 599 2647 iis,
621 2580 670 2656 qui
689 2581 901 2639 conservatione
924 2581 1081 2639 officiorum
1100 2580 1171 2637 exis·

176 2669 194 2728 'l
208 2671 345 2728 timantur
358 2670 431 2728 boni.
473 2670 529 2738 Qui
542 2678 638 2726 autem
652 2670 747 2728 omnia
761 2671 917 2728 metiuntur
929 2671 1128 2730 emolumentis
1142 2676 1173 2728 et

208 2759 372 2826 commodis,
386 2778 478 2836 neque
492 2778 526 2817 ea
539 2759 637 2818 volunt
651 2759 863 2838 praeponderari
877 2762 1034 2828 honestate,
1049 2760 1068 2817 ii
1080 2760 1172 2817 solent

208 2849 237 2906 in
251 2848 434 2906 deliberando
452 2850 604 2906 honestum
618 2869 685 2908 cum
698 2869 741 2916 eo,
756 2849 835 2926 quod
848 2851 918 2908 utile
931 2857 1043 2927 putant,
1057 2841 1171 2926 compa-

177 2944 195 2997 8
209 2955 286 2995 rare:
309 2938 374 2995 boni
389 2938 438 2995 viri
452 2957 507 2996 non
521 2939 620 2996 solent.
655 2941 757 3016 Itaque
771 2940 909 3008 existima
924 2939 1091 3006 Panaetium,
1105 2959 1171 2996 cunr

209 3026 319 3092 dixerit,
338 3027 465 3085 homines
489 3029 579 3086 solere
601 3028 630 3086 in
651 3029 706 3086 hac
725 3030 935 3107 comparatione
956 3029 1095 3094 dubitare,
1116 3030 1171 3086 boc

209 3117 304 3194 ipsum
318 3117 445 3184 sensisse,
461 3118 537 3194 quod
553 3119 662 3186 dixerit,
683 3120 774 3178 solere
795 3120 890 3186 modo,
904 3139 961 3178 non
980 3119 1066 3176 etiam
1089 3137 1172 3195 opor·

177 3213 277 3266 itere.
318 3206 431 3263 Etenim
450 3227 506 3264 non
527 3208 613 3266 modo
633 3209 723 3285 pluris
741 3217 844 3286 putare
857 3209 936 3286 quod
950 3208 1020 3267 utile
1033 3208 1170 3276 videatur,

209 3315 295 3374 quem
309 3295 386 3372 quod
407 3297 567 3363 honestum,
582 3297 633 3354 sed
654 3299 716 3355 haec
735 3300 822 3357 etiam
835 3300 907 3356 inter
920 3317 951 3356 se
964 3315 1130 3374 comparare
1143 3305 1172 3356 et

209 3387 238 3446 in
251 3385 295 3444 his
309 3385 487 3452 addubitare,
502 3386 697 3462 turpissimum
711 3395 764 3446 est.
924 3397 927 3402 '

159 3559 196 3614 10
251 3555 326 3624 Quid
350 3575 420 3634 ergo
440 3562 493 3622 est,
516 3554 594 3632 quod
618 3573 821 3632 nonnunquam
845 3556 1050 3615 dubitationem
1072 3555 1171 3614 afferre

210 3643 301 3719 soleat
314 3646 606 3725 considerandumque
617 3645 770 3705 videatur?
805 3646 911 3715 Credo,
925 3646 949 3706 si
962 3645 1077 3724 quando
1090 3645 1170 3705 dubi·
