2692 4292
536 330 622 372 arana
634 332 654 372 r.
696 332 762 375 oar.
778 331 826 375 xv.
1155 319 1174 375 t

211 453 289 516 Nam
314 463 344 516 et
371 457 421 536 qui
444 459 639 538 gratificantur
665 460 797 538 cuipiam,
822 461 900 539 quod
926 461 1001 522 obsit
1026 459 1074 529 illi,
1095 461 1173 519 cuit

172 549 308 626 prodesse
331 549 404 605 velle
424 549 579 615 videantur,
597 568 652 605 non
674 549 799 617 benefici,
821 569 914 627 neque
934 550 1073 618 liberales,
1088 549 1141 608 sed

171 637 320 714 perniciosi
340 643 528 694 assentatores
540 637 687 714 judicandi
699 645 782 694 sunt:
803 639 895 714 etqui
908 640 969 696 aliis
981 648 1092 705 nocent,
1107 645 1141 696 ut

171 726 199 782 in
213 727 282 782 alios
297 724 427 783 liberales
441 725 505 792 sint,
520 725 548 782 in
561 725 663 783 eadem
684 732 750 782 sunt
769 727 914 803 injustitia,
928 735 963 785 ut
975 728 999 784 si
1016 728 1045 786 in
1058 745 1141 786 suam

171 833 232 871 rem
246 815 338 871 aliena
352 822 527 872 convertant.
568 815 643 871 Sunt
656 824 753 872 autem
766 816 856 882 multi,
871 817 1030 893 etquidem
1044 816 1140 893 cupidi

172 903 330 980 splendoris
344 912 374 961 et
387 903 494 980 gloria,
508 903 556 979 qui
570 903 694 980 eripiunt
712 903 783 970 aliis,
796 904 875 980 quod
895 905 956 962 aliis
975 905 1138 982 largiantur.

171 992 267 1068 Hique
288 985 467 1058 arbitrantur,
483 1010 514 1048 se
535 991 676 1050 beneficos
696 991 725 1048 in
745 1010 813 1049 suos
832 991 939 1050 amieos
951 991 1044 1050 v'snm
1056 993 1097 1060 iri,
1110 993 1136 1050 si

170 1079 345 1158 locupletent
360 1099 408 1138 eos
422 1097 594 1156 quacunque
614 1080 731 1137 ratione.
774 1080 809 1138 Id
823 1087 920 1138 autem
934 1087 1046 1138 tantum
1058 1081 1140 1139 abest

171 1169 271 1236 officio,
286 1177 319 1226 ιιι
332 1167 400 1226 nihil
414 1169 504 1246 magis
519 1169 610 1226 officio
624 1169 715 1245 possit
734 1187 797 1226 esse
811 1169 989 1227 contrarium.
1031 1169 1138 1226 Viden·
1153 1177 1171 1228 ὅ

171 1257 241 1314 dum
256 1265 299 1314 est
312 1257 407 1335 igitur,
423 1265 456 1314 ut
477 1275 511 1314 ea
530 1257 699 1315 liberalitate
711 1264 835 1325 utamur,
850 1277 916 1333 quae
930 1257 1022 1336 prosit
1033 1257 1137 1327 amicis,

170 1355 271 1405 noceat
284 1347 394 1406 nemini.
436 1348 531 1416 Quare
552 1347 584 1404 L.
607 1347 696 1404 Sullas
718 1353 748 1404 et
766 1349 799 1406 O.
816 1349 936 1406 Cesaris
955 1350 1170 1425 pecuniarum6

169 1437 316 1493 translatio
334 1455 352 1492 a
371 1436 456 1513 justis
476 1436 596 1493 dominis
616 1436 653 1492 ad
672 1436 777 1493 alienos
792 1455 850 1494 non
863 1437 950 1495 debet
963 1438 1085 1496 liberalis
1098 1439 1138 1496 ri·

170 1525 238 1583 deri.
278 1525 357 1582 Nihil
371 1533 416 1582 est
430 1525 505 1582 enim
518 1525 641 1590 liberale,
657 1525 736 1601 quod
749 1543 808 1581 non
821 1524 897 1582 idem
908 1525 1029 1602 justum.

209 1614 293 1670 Alter
320 1622 381 1671 crat
408 1614 487 1671 locus
515 1613 660 1680 cautionis,
685 1632 721 1671 ne
749 1614 907 1692 benignitas
933 1614 1027 1692 major
1052 1616 1170 1683 esseti

169 1721 256 1779 quam
276 1703 435 1760 facultates.
478 1703 564 1771 Quod
584 1703 634 1779 qui
653 1702 834 1779 benigniores
848 1702 947 1760 volunt
966 1721 1037 1770 esse,
1051 1723 1139 1780 quam

169 1811 214 1850 res
237 1793 351 1870 patitur,
373 1792 497 1868 primum
517 1792 546 1848 in
570 1809 605 1848 eo
628 1798 758 1868 peccant,
778 1791 857 1868 quod
878 1792 1005 1869 injuriosi
1024 1793 1138 1851 suntin

169 1883 328 1958 proximos:
350 1899 422 1958 quas
443 1880 518 1952 enim
538 1880 633 1957 copias
655 1881 700 1938 his
720 1888 750 1938 et
771 1880 948 1958 suppeditari
969 1881 1079 1958 aequius
1092 1889 1137 1940 est

169 1977 198 2027 et
211 1970 338 2047 relinqui,
353 1989 402 2026 eas
417 1970 591 2026 transferunt
609 1968 647 2026 ad
665 1969 780 2027 alienos.
822 1971 901 2027 Inest
921 1977 1018 2027 autem
1037 1971 1067 2028 in
1086 1970 1168 2030 alis

168 2058 335 2116 liberalitate
349 2058 492 2136 cupiditas
506 2058 673 2135 plerumque
687 2058 815 2136 rapiendi
829 2066 858 2116 at
871 2059 1017 2116 auferendi
1030 2078 1083 2136 per
1094 2059 1135 2117 iu·

166 2147 279 2224 juniam,
294 2155 328 2205 ut
349 2148 387 2205 ad
407 2147 586 2226 largiendum
608 2154 764 2224 suppetant
781 2147 882 2226 copiae.
923 2148 1029 2206 Videre
1049 2148 1168 2207 anama

168 2236 242 2303 licet,
257 2237 408 2313 plerosque
422 2256 481 2294 non
494 2243 552 2294 tam
566 2243 668 2294 natura
682 2236 820 2303 liberales,
835 2253 922 2313 quam
935 2237 1059 2313 quadam
1073 2237 1135 2314 glo-

168 2325 209 2382 ria
222 2326 332 2392 ductos,
344 2333 377 2382 ut
391 2326 509 2384 benefici
523 2325 682 2392 videantur,
693 2325 788 2382 facere
800 2325 902 2393 multa,
916 2344 983 2401 quae
998 2325 1136 2402 proficisci

168 2414 206 2471 ab
227 2415 414 2472 ostentatione
435 2415 536 2492 magis,
551 2433 639 2491 quam
660 2433 679 2470 a
698 2414 846 2471 voluntate
863 2413 1020 2471 rideantur.
1060 2415 1136 2472 Talis

167 2511 265 2560 autem
278 2504 420 2561 simulatio
433 2504 551 2562 vanitati
571 2511 616 2562 est
636 2503 822 2580 conjunctior,
835 2520 924 2578 quam
944 2508 996 2559 aut
1014 2501 1134 2560 liberali·

168 2592 220 2649 tati
234 2600 284 2649 aut
295 2593 447 2651 honestati.
664 2595 669 2605 ¹

208 2681 333 2738 Tertium
353 2688 397 2740 est
417 2682 603 2758 propositum,
617 2687 651 2738 ut
671 2680 701 2738 in
721 2679 905 2737 beneficentia
919 2679 1047 2739 delectus
1059 2688 1134 2739 esset
1150 2688 1187 2741 10

166 2770 328 2848 dignitatis:
349 2771 377 2828 in
398 2789 455 2848 quo
470 2779 501 2828 et
524 2788 617 2828 mores
639 2771 702 2847 ejus
724 2777 808 2827 errant
829 2770 986 2846 spectandi,
1000 2770 1029 2827 in
1048 2789 1135 2847 quem

168 2859 333 2917 beneficium
348 2861 516 2928 conferetur,
533 2866 562 2917 et
575 2859 685 2916 animus
699 2877 769 2937 erga
781 2877 841 2926 nos,
856 2866 885 2916 et
900 2861 1086 2918 communitas
1100 2879 1134 2918 ac

167 2949 285 3006 societas
309 2949 386 3016 vitae,
412 2948 501 3006 etad
524 2955 636 3006 nostras
657 2948 795 3006 utilitates
819 2947 909 3006 officia
932 2956 999 3006 ante
1022 2950 1132 3009 collata

168 3037 241 3104 Quae
265 3045 298 3094 ut
321 3044 490 3095 concurrant
510 3038 611 3104 omnia,
637 3037 761 3115 optabile
783 3045 844 3104 est;
865 3038 889 3095 si
910 3038 1012 3108 miuus,
1037 3040 1133 3118 plures
1149 3045 1183 3098 11

168 3143 262 3182 causas
274 3127 451 3205 majoresque
465 3126 597 3203 ponderis
611 3128 677 3204 plus
690 3127 847 3185 habebunt.

205 3303 270 3361 XV.
293 3303 433 3372 Quoniam
447 3311 545 3361 autem
558 3303 661 3362 vivitur
674 3322 731 3361 non
745 3323 811 3362 cum
826 3305 959 3382 perlectis
972 3307 1132 3364 hominibus

166 3391 306 3468 planeque
326 3393 507 3468 sapientibus,
523 3392 574 3450 sed
588 3413 653 3452 cum
672 3393 713 3460 iis,
728 3393 872 3469 inquibus
887 3396 1024 3471 praeclare
1037 3395 1132 3470 agitur

166 3480 189 3536 si
203 3487 269 3538 sunt
282 3481 431 3537 simulacra
444 3479 570 3540 virtutis:
591 3482 676 3538 etiarn
690 3482 746 3539 hoc
759 3481 974 3558 intelligendum
988 3488 1068 3558 puto,
1082 3500 1130 3538 ne-

165 3569 270 3626 minem
291 3569 412 3626 omnino
423 3587 486 3626 esse
505 3569 716 3647 negligendum,
730 3569 759 3626 in
772 3587 829 3645 quo
849 3569 944 3644 aliqua
964 3569 1132 3644 significatio

165 3657 276 3717 virtutis
287 3664 437 3735 appareat;
452 3657 602 3716 colendum
615 3665 712 3715 autem
722 3657 833 3714 asscita
842 3673 984 3732 quemque
998 3657 1129 3729 maxime,
