2692 4292
191 315 231 377 dd
605 331 643 372 nr
665 329 794 372 omens

243 463 367 527 tertium,
378 467 412 519 ut
422 479 487 519 cum
501 459 742 518 admiratione
754 457 902 517 hominum
915 457 1022 515 honore
1035 458 1073 515 ab
1083 457 1118 515 iis
1132 456 1215 535 digni

211 557 229 610 ll
241 552 441 629 judicaremur.
483 550 670 608 Admirantur
700 550 787 628 igitur
813 549 1001 606 communiter
1026 548 1066 605 illi
1093 548 1214 623 quidem

244 641 344 706 omnia,
360 657 424 716 quae
437 657 549 718 magna,
565 647 594 696 et
607 647 712 715 proeter
724 639 883 714 opinionem
903 656 984 694 suam
1004 637 1201 694 animadverte

243 737 325 786 runt:
347 729 497 806 separatim
512 737 609 786 autem
622 729 651 784 in
665 728 790 806 singulis,
806 727 830 783 si
844 727 1019 803 perspiciunt
1039 726 1213 803 necopinata

212 817 229 878 'l
244 818 376 895 quaedam
390 819 471 876 bona.
504 817 605 894 Itaque
619 836 668 874 eos
682 817 757 874 viros
770 817 935 893 suspiciunt,
945 816 1133 892 maximisque
1143 815 1211 872 effe-

245 915 311 965 runt
324 907 465 974 laudibus,
480 907 509 964 in
523 907 625 983 quibus
647 906 809 964 existimant
829 925 860 962 se
879 906 1050 962 excellentes
1071 905 1213 980 quasdam

213 1003 231 1056 8
245 1005 275 1055 et
286 997 442 1074 singulares
453 996 611 1074 perspicere
621 995 754 1053 virtutes:
770 995 929 1071 despiciunt
937 1002 1033 1051 autem
1044 1013 1094 1051 eos
1105 1002 1135 1052 et
1146 1013 1211 1051 con-

244 1094 384 1152 temnunt,
398 1085 426 1142 in
440 1086 542 1162 quibus
562 1085 630 1142 nihil
644 1085 765 1152 rimatis,
780 1085 848 1141 nihil
868 1085 962 1151 animi,
976 1083 1045 1140 nihil
1059 1103 1212 1141 nervorum

245 1183 356 1253 putant.
397 1175 463 1232 Non
485 1176 558 1232 enim
581 1193 679 1232 omnes
700 1193 749 1232 eos
763 1180 954 1241 contemnunt,
969 1173 1005 1230 de
1019 1173 1123 1249 quibus
1137 1174 1212 1230 male

213 1272 230 1324 9
246 1265 412 1322 existimant.
442 1265 516 1322 Nam
528 1283 598 1340 quos
612 1263 766 1340 improbos,
776 1264 937 1331 maledicos,
948 1263 1145 1321 fraudulentos
1159 1283 1212 1340 pu-

245 1363 315 1422 tant,
337 1361 367 1411 et
386 1353 424 1410 ad
444 1353 603 1410 faciendam
623 1353 754 1431 injuriam
773 1354 933 1420 instructos,
954 1371 1003 1410 eos
1028 1359 1213 1410 contemnunt

194 1450 232 1504 10
246 1445 360 1522 quidem
374 1444 545 1520 neutiquam,
555 1445 606 1502 sed
620 1443 656 1500 de
670 1443 714 1500 his
728 1443 801 1500 male
813 1443 982 1500 existimant.
1011 1443 1213 1510 Quamobrem,

246 1542 279 1592 ut
300 1543 366 1591 ante
387 1533 452 1600 dixi,
468 1539 687 1590 contemnuntur
699 1533 727 1600 ii,
742 1533 791 1610 qui
804 1551 855 1589 nec
869 1532 932 1599 sibi,
946 1552 998 1590 nec
1019 1532 1109 1598 alteri,
1124 1539 1158 1589 ut
1171 1531 1213 1588 di·

246 1625 336 1690 citur;
356 1623 384 1680 in
399 1624 501 1700 quibus
514 1622 609 1680 nullus
623 1622 712 1688 labor,
727 1622 806 1679 nulla
824 1621 970 1688 industria,
985 1621 1062 1678 nulla
1077 1641 1146 1678 cura
1160 1628 1212 1678 est.

246 1713 443 1770 Admiratione
466 1721 562 1770 autem
585 1712 746 1768 afficiuntur
765 1712 792 1778 ii,
807 1712 856 1788 qui
876 1712 980 1769 anteire
995 1711 1095 1769 ceteris
1109 1712 1214 1768 virtute

240 1809 391 1878 putantur,
407 1809 436 1858 et
457 1821 522 1858 cum
543 1801 619 1858 omni
641 1819 736 1858 carere
758 1800 906 1868 dedecore,
921 1808 982 1857 tum
996 1819 1064 1857 vero
1083 1801 1116 1857 iis
1131 1787 1225 1868 vitiis'

195 1896 231 1949 11
247 1891 350 1968 quibus
363 1891 409 1948 alii
423 1909 478 1947 non
491 1891 572 1948 facile
587 1897 708 1967 possunt
721 1890 866 1948 obsistere.
908 1891 984 1948 Nam
998 1897 1028 1947 et
1041 1891 1213 1967 voluptates,

247 1979 437 2038 blandissimae
459 1979 589 2046 dominae,
605 1980 719 2056 majoris
740 1980 829 2056 partis
850 1979 957 2036 animos
970 1997 988 2036 a
1002 1979 1105 2036 virtute
1120 1979 1214 2036 detor-

247 2075 354 2144 quent;
376 2075 405 2124 et
426 2067 556 2148 dqlorum
579 2087 644 2126 cum
664 2069 852 2126 admoventur
870 2069 957 2136 laces,
972 2076 1079 2146 praeter
1097 2069 1215 2126 modum

197 2164 233 2218 12
249 2157 374 2235 plerique
389 2163 572 2216 exterrentur.
614 2157 690 2225 Vita,
708 2177 793 2223 mors,
808 2158 923 2224 divitiae,
939 2165 1102 2235 paupertas,
1117 2176 1215 2215 omnes

198 2255 233 2307 13
248 2247 374 2304 homines
388 2247 630 2304 vehementissime
652 2256 827 2324 permovent.
870 2249 942 2315 Quae
961 2247 1052 2324 quiin
1065 2254 1215 2323 utramque

249 2343 359 2414 partem
381 2335 492 2392 excelso
514 2336 608 2393 animo
626 2355 787 2414 magnoque
801 2336 969 2413 despiciunt,
984 2356 1050 2394 cum
1065 2337 1158 2413 aliqua
1171 2337 1215 2394 his

248 2426 343 2505 ampla
357 2433 386 2484 et
399 2426 518 2482 honesta
532 2443 577 2482 res
592 2426 706 2502 objecta
719 2433 771 2491 est,
787 2433 863 2482 totos
877 2426 914 2483 ad
933 2445 963 2482 se
978 2427 1116 2483 convertit
1128 2433 1158 2483 et
1170 2445 1215 2482 ra-

249 2516 299 2593 pit.
336 2515 408 2572 Tum
419 2514 481 2591 quis
492 2533 547 2572 nou
558 2514 712 2572 admiretur
726 2515 906 2591 splendorem
920 2514 1216 2592 pulchritudinemque

249 2606 382 2664 virtutis?
416 2603 466 2662 Xl.
478 2605 555 2682 Ergo
568 2604 670 2664 ethaec
681 2603 767 2660 animi
776 2603 959 2681 despicientia
969 2604 1215 2662 admirabilitatem

249 2713 385 2772 magnam
407 2693 493 2750 iacit:
514 2700 543 2750 et
565 2693 686 2750 maxime
705 2693 824 2771 justitia,
846 2711 881 2750 ex
901 2713 958 2770 qua
978 2713 1034 2750 una
1048 2693 1152 2751 virtute
1166 2694 1217 2752 viri

250 2784 316 2841 boni
330 2783 517 2860 appellantur,
533 2783 650 2840 mirifica
670 2782 805 2858 quaedam
826 2781 1000 2841 multitudini
1013 2782 1142 2840 videtur:
1163 2801 1216 2842 nec

219 2873 359 2949 2injuria.
401 2871 496 2929 Nemo
520 2870 593 2955 enim
616 2872 712 2949 justus
737 2891 800 2929 esse
820 2879 925 2949 potest,
945 2871 995 2948 qui
1018 2880 1146 2939 mortem,
1169 2872 1217 2948 qui

252 2961 387 3026 dolorem,
402 2959 451 3036 qui
470 2960 593 3030 exilium,
608 2961 668 3037 qui
677 2968 834 3040 egestatem
855 2960 944 3028 timet,
962 2968 1012 3018 aut
1031 2961 1134 3038 quiea,
1150 2981 1216 3038 quae

219 3057 318 3110 dsunt
341 3049 386 3106 his
411 3051 558 3118 contraria,
581 3051 708 3127 aequitati
729 3050 885 3128 anteponit.
927 3051 1107 3127 Maximeque
1128 3050 1216 3108 admi·

252 3145 352 3197 rantur
375 3157 450 3206 eum,
475 3139 524 3216 qui
547 3140 667 3216 pecunia
690 3159 747 3197 non
767 3147 914 3207 movetur;
935 3140 1013 3218 quod
1033 3140 1061 3197 in
1081 3159 1139 3216 quo
1159 3140 1218 3197 viro

253 3235 436 3306 perspectum
450 3227 494 3294 sit,
509 3230 585 3286 hunc
599 3229 658 3306 igni
672 3236 835 3305 spectatum
849 3229 1029 3287 arbitrantur.

220 3323 239 3377 4
290 3318 392 3395 Itaque
406 3317 453 3374 illa
463 3317 525 3384 trie,
535 3337 600 3393 quae
615 3319 761 3394 proposita
775 3319 890 3376 suntad
903 3318 1030 3396 gloriam,
1040 3316 1134 3376 omnia
1145 3316 1217 3395 jus·

254 3408 348 3468 titia
369 3407 499 3464 conficit:
522 3413 552 3462 et
572 3407 798 3475 benivolentiam,
820 3409 898 3485 quod
918 3403 1054 3485 prodesse
1073 3407 1136 3464 vult
1156 3407 1218 3484 plu-

252 3499 349 3566 rimis3
370 3505 400 3555 et
414 3498 451 3555 ob
465 3495 585 3554 eandem
600 3513 714 3554 oausam
728 3497 832 3564 fidem;
854 3505 885 3554 et
905 3497 1128 3562 admirationem,
1142 3493 1219 3571 quod

255 3607 303 3646 eas
316 3607 362 3645 res
376 3587 484 3666 spernit
498 3594 527 3644 et
541 3585 667 3664 negligit,
677 3585 715 3642 ad
728 3605 799 3662 quas
813 3587 941 3664 plerique
954 3584 1121 3643 inflammati
1134 3584 1218 3641 avidi-

222 3683 241 3736 t
255 3683 315 3736 tate
328 3678 484 3755 rapiuntur.
524 3675 571 3736 Ac
585 3693 650 3734 mea
663 3675 778 3754 quidem
790 3676 931 3734 sententia
944 3675 1035 3734 omnis
1047 3674 1120 3733 ratio
1133 3680 1219 3752 atque
