2692 4292
584 371 622 408 DE
637 370 764 408 omaus

222 497 377 556 uastissima
391 497 533 554 molestias
548 515 631 573 posse
645 497 757 573 deponi,
768 496 793 553 si
805 515 852 552 mc
865 495 902 553 ad
917 496 1126 573 philosophiam
1140 516 1189 554 re-

222 587 356 644 tulissem.
400 586 453 642 cui
469 605 533 642 cum
547 585 668 642 multum
682 585 847 642 adolescens
867 585 994 642 discendi
1014 605 1098 643 causa
1112 587 1189 643 tem-

223 675 298 752 poris
312 675 480 740 tribuissem,
497 683 682 750 posteaquam
703 673 856 731 honoribus
875 673 1007 730 inservire
1026 675 1109 752 coepi,
1125 693 1189 731 ma·

224 783 279 840 que
294 772 385 821 totum
400 763 440 820 rei
455 763 578 839 publicae
592 763 704 828 tradidi,
720 769 830 818 tantum
844 770 907 819 erat
919 763 1106 839 philosophia
1120 764 1188 830 loci,

222 861 358 928 quantum
373 853 551 929 superfuerat
564 851 719 908 amicorum
731 859 761 906 et
774 852 814 909 rei
827 851 949 927 pubhcae
962 852 1105 928 temporis.
1147 852 1188 909 Id

222 949 317 998 autem
331 959 413 997 omne
428 940 647 998 consumebatur
661 940 690 996 iu
702 939 842 1017 legendc;
863 939 1005 997 scribendi
1024 940 1113 997 otium
1127 960 1188 998 non

222 1039 290 1088 erat.
321 1029 360 1086 Il.
376 1030 504 1086 Maximis
519 1029 606 1106 igitur
619 1028 646 1084 in
661 1029 741 1086 malis
757 1029 811 1086 hoc
821 1029 916 1086 tamen
930 1030 997 1086 honi
1010 1030 1133 1086 assecuti
1143 1030 1186 1086 vi-

221 1118 329 1184 demur,
344 1125 377 1174 ut
391 1137 425 1174 ea
439 1118 538 1174 litteris
560 1117 768 1183 mandaremus,
783 1136 848 1194 quae
860 1123 1008 1175 necarant
1026 1119 1094 1174 sads
1115 1126 1187 1175 uota

190 1213 207 1264 2
222 1208 332 1272 nostris,
347 1213 377 1262 et
391 1213 471 1264 erant
491 1207 649 1283 cognitione
670 1206 841 1283 dignissima.
883 1207 959 1275 Quid
977 1207 1052 1264 enim
1065 1214 1117 1273 est,
1132 1225 1188 1285 per

221 1295 298 1359 deos,
319 1295 472 1370 optabilius
492 1295 651 1371 sapientia?
672 1295 742 1371 quid
762 1295 969 1372 praestantius?
989 1296 1059 1372 quid
1079 1297 1187 1354 homini

189 1385 345 1442 amelius?
370 1383 438 1460 quid
460 1385 571 1441 homine
591 1384 727 1461 dignius?
757 1385 839 1441 Hanc
859 1385 946 1461 igitur
965 1387 1013 1461 qui
1035 1393 1184 1463 expetunt,

222 1473 383 1550 philosophi
397 1473 593 1530 nominantur:
615 1493 667 1530 uec
681 1474 831 1550 quicquam
846 1473 924 1531 ahud
937 1481 983 1532 est
995 1475 1184 1552 philosophia,

188 1562 244 1618 tsi
267 1563 443 1639 interpretari
463 1563 540 1628 velis,
568 1569 671 1639 praeter
694 1563 821 1620 studium
843 1563 998 1639 sapientire.
1039 1564 1186 1641 Sapientia

221 1661 318 1710 autem
332 1661 383 1719 est,
400 1651 446 1730 (ut
460 1671 477 1708 a
490 1653 632 1710 veteribus
653 1652 829 1728 philosophis
851 1652 999 1710 delinitum
1018 1653 1074 1730 est)
1088 1673 1187 1712 rerum

221 1741 378 1799 divinarum
393 1752 421 1799 et
436 1743 622 1798 humanarum
642 1759 855 1816 causarumque,
870 1742 972 1817 quibus
992 1743 1040 1800 hae
1058 1763 1103 1800 res
1117 1763 1184 1800 con-

221 1831 353 1896 tinentur,
369 1831 502 1888 scientia:
518 1830 599 1906 cujus
614 1829 739 1886 studium
753 1830 801 1906 qui
813 1831 1052 1907 vituperat,·haud
1066 1852 1133 1890 sane
1142 1833 1184 1888 in-

189 1927 207 1978 5
223 1919 326 1996 telligo,
342 1919 475 1995 quidnam
492 1920 538 1986 sit,
553 1919 630 1995 quod
644 1919 818 1976 laudandum
839 1928 928 1996 putet.
971 1921 1046 1977 Nam
1060 1921 1119 1980 sive
1133 1923 1184 1979 ob·

222 2008 335 2064 lectatio
355 2008 491 2083 quaeritur
511 2009 597 2064 animi
615 2008 783 2085 requiesque
803 2027 951 2075 curarum3
972 2030 1038 2086 quae
1064 2011 1185 2068 conferri

222 2115 287 2154 cum
302 2115 399 2154 eorum
409 2096 509 2154 studiis
521 2105 624 2173 potest,
635 2098 684 2173 qui
694 2116 808 2174 semper
817 2098 923 2174 ahquid
935 2100 1094 2174 anquirunt,
1105 2101 1184 2176 quod

222 2194 333 2262 spectet
354 2194 383 2243 et
402 2186 495 2244 valeat
519 2187 555 2243 ad
580 2188 651 2244 bene
677 2188 815 2264 beateque
835 2188 1005 2245 vivendum?
1029 2189 1088 2246 sive
1112 2191 1184 2247 ratio

224 2275 387 2333 constantia
401 2275 566 2352 virtutisque
589 2277 719 2343 ducitur;
740 2285 794 2333 aut
815 2279 877 2334 haec
897 2296 943 2332 ars
963 2284 1015 2343 est,
1036 2286 1086 2334 aut
1105 2279 1184 2335 nulla

190 2366 343 2432 domnino,
363 2384 414 2442 per
434 2385 520 2442 quam
540 2384 587 2422 eas
609 2384 800 2441 assequamur.
842 2366 957 2422 Nullam
980 2367 1074 2424 dicere
1094 2368 1181 2424 maxi·

221 2473 332 2512 marum
357 2474 450 2512 rerum
471 2463 562 2512 artem
583 2473 653 2521 esse,
670 2472 735 2510 cum
754 2454 931 2511 minimarum
951 2455 1009 2512 sino
1029 2465 1092 2513 arte
1105 2456 1184 2512 nulla

222 2544 267 2611 sit,
289 2546 434 2602 hominum
453 2553 498 2604 ut
523 2563 623 2620 parum
647 2542 824 2600 considerate
846 2543 1022 2620 loquentium
1045 2553 1130 2622 atque
1154 2546 1183 2602 in

190 2632 350 2692 'lmaximis
373 2635 458 2692 rebus
483 2633 644 2691 errantium.
687 2632 719 2688 Si
739 2642 834 2690 autem
855 2641 900 2690 est
922 2634 1016 2710 aliqua
1036 2635 1183 2711 disciplina

221 2723 351 2789 virtutis;
372 2724 421 2780 ubi
443 2742 478 2779 ea
497 2731 647 2798 quaeretur,
663 2739 729 2778 cum
749 2723 786 2779 ab
806 2723 861 2779 hoc
882 2723 1009 2780 discendi
1022 2742 1126 2800 genere
1140 2723 1181 2780 di·

190 2813 377 2870 Bscesseris‘?
419 2811 476 2868 Sed
505 2814 574 2877 haec,
601 2831 665 2870 cum
690 2811 728 2868 ad
756 2813 963 2889 philosophiam
990 2813 1181 2880 cohortamur,

222 2901 379 2958 accuratius
394 2901 531 2978 disputari
545 2901 654 2958 solent:
669 2901 747 2977 quod
761 2902 818 2958 alio
831 2902 956 2977 quodam
968 2902 1040 2959 hbrc
1053 2903 1181 2961 fecimus.

190 2991 286 3048 9Hoc
314 2998 410 3046 autem
434 2997 561 3067 tempore
586 2998 696 3046 tautum
720 2990 801 3046 nohis
826 2991 1026 3048 declarandum
1046 2991 1108 3057 fuit,
1130 3011 1183 3049 cur

222 3080 312 3136 orbati
335 3079 374 3135 rei
396 3078 516 3155 publicae
537 3079 700 3136 muneribus
719 3079 757 3136 ad
777 3081 832 3138 hoc
852 3100 904 3137 nos
924 3081 1050 3138 studium
1071 3081 1181 3157 potissi-

223 3187 301 3225 mum
316 3168 540 3225 contuhssemus

172 3263 208 3316 10
262 3257 426 3326 Occurritur
445 3266 541 3315 autem
562 3257 650 3323 uobis,
671 3265 701 3314 et
722 3259 837 3334 quidem
856 3277 875 3316 a
894 3259 985 3317 doctis
1005 3266 1035 3317 et
1054 3259 1180 3327 eruditis,

221 3347 421 3424 quaerentibus,
443 3346 545 3404 satisne
566 3354 728 3405 constanter
747 3350 841 3406 lacere
861 3349 1016 3415 videamur,
1037 3349 1094 3423 qui,
1116 3367 1183 3404 cum

223 3436 329 3513 percipi
343 3435 409 3492 nihil
424 3453 508 3512 posse
523 3435 659 3503 dicamus,
670 3444 766 3494 tamen
779 3446 810 3494 et
822 3438 882 3494 aliis
896 3438 1031 3494 derebus
1044 3436 1182 3494 disserere

221 3526 370 3593 soleamus,
386 3532 415 3582 et
428 3525 482 3583 hoo
496 3524 557 3600 ipso
571 3531 700 3601 tempore
715 3536 860 3604 praecepta
874 3527 956 3584 officii
969 3545 1181 3603 persequamur.

171 3619 205 3672 11
223 3615 331 3684 Quibus
342 3616 443 3674 vallem
452 3615 520 3672 satis
532 3615 644 3692 cognita
654 3622 729 3672 esset
739 3624 836 3672 nostra
846 3617 992 3673 sententia.
1027 3616 1056 3671 N
1056 3635 1093 3673 on
1106 3616 1182 3673 enim

222 3721 319 3762 sumus
333 3705 360 3772 ii,
371 3723 491 3782 quorum
501 3711 622 3782 vagetur
635 3704 744 3762 animus
754 3723 857 3771 errore,
867 3724 921 3764 acc
931 3706 1036 3763 haheat
1045 3722 1182 3782 unquam,
