2692 4292
152 293 190 354 14
304 324 309 336 1
569 305 607 346 ur
622 303 753 346 osricus

203 435 258 496 luit
271 433 404 516 sapientis
415 441 444 493 et
454 435 617 514 praestantis
625 434 686 500 viri,
697 433 828 492 omuibus
837 433 1043 493 consulendum
1051 432 1170 511 putavit

153 532 189 588 11
205 527 303 602 anue
317 533 361 582 est
375 540 486 584 summa
500 525 572 583 ratio
582 533 612 582 et
625 524 765 602 sapientia
778 524 845 582 boni
858 524 934 592 civis,
946 522 1172 581 commodacivi·

204 635 254 674 um
277 634 334 672 uon
357 614 498 682 divellere,
519 622 606 692 atque
626 633 724 672 omnes
745 614 879 690 (equitate
898 614 999 671 eadem
1020 613 1171 671 continere.

153 710 190 766 ls
206 705 344 764 Habitent
364 704 453 782 gratis
474 704 503 760 iu
523 704 639 762 alieno?
681 703 756 772 Quid
776 704 841 761 ita?
882 703 934 769 Ut,
948 722 1015 760 cum
1028 721 1084 780 ego
1097 719 1173 758 eme·

205 793 266 862 rim,
279 793 452 861 aedificarim,
464 801 554 860 tuear,
565 792 739 870 impendam,
750 800 792 859 tu,
807 811 853 849 me
866 792 961 859 invito,
976 793 1073 849 fruare
1086 790 1174 849 meo?

206 883 281 953 Quid
295 891 340 941 est
352 882 430 940 alind
443 883 504 940 aliis
518 901 570 940 sua
583 882 701 962 eripere,
716 881 777 938 aliis
791 881 860 939 dare
873 882 988 938 aliena?

155 978 191 1033 1a
233 973 350 1032 Tabulae
361 991 427 1030 vero
441 991 521 1030 novae
536 971 604 1048 quid
619 972 727 1028 habent
735 971 906 1048 argumenti,
914 971 967 1028 uisi
976 977 1011 1027 ut
1020 989 1101 1028 emas
1110 987 1176 1026 mea

206 1064 327 1140 pecunia
347 1062 484 1129 lundum;
505 1081 572 1119 eunr
594 1068 627 1118 tu
646 1062 761 1127 habeas,
777 1080 833 1138 ego
852 1080 908 1119 non
922 1061 1045 1119 habeam
1059 1059 1174 1138 peom-

206 1153 278 1210 emt
305 1153 413 1210 XXIV.
430 1152 641 1220 Quamobrem
651 1169 688 1208 ne
698 1151 735 1208 sit
746 1169 785 1207 ιιι
796 1151 926 1218 alienum,
934 1149 1013 1227 quod
1025 1150 1067 1207 rei
1081 1150 1176 1228 publi·

207 1259 249 1300 cu
262 1249 370 1308 noceat,
386 1241 593 1319 providendum
608 1249 668 1308 est;
691 1238 782 1318 (quod
803 1240 900 1298 multis
913 1240 1070 1298 rationibus
1083 1239 1176 1297 caveri

208 1338 302 1408 potest
312 1330 332 1409 ε)
348 1349 412 1398 non,
427 1331 451 1388 si
464 1331 557 1398 luerit,
573 1337 606 1388 ut
619 1331 779 1408 locupletes
792 1349 876 1388 suum
890 1330 1020 1408 perdant,
1031 1330 1176 1387 debitores

176 1425 194 1480 2
208 1420 352 1480 lucrentur
365 1420 495 1478 alienum.
537 1420 599 1478 Nee
613 1421 688 1477 enim
703 1419 761 1477 ulla
780 1437 828 1477 res
840 1420 1034 1477 vehementius
1047 1437 1108 1476 rem
1123 1439 1176 1496 pu·

208 1511 310 1570 blicam
324 1511 456 1576 continet,
472 1529 558 1587 quam
572 1509 659 1567 fides:
680 1527 745 1585 quoe
759 1527 822 1567 esse
835 1509 913 1566 nulla
933 1516 1037 1586 potest,
1053 1509 1106 1566 nisi
1119 1509 1176 1565 erit

176 1607 193 1658 a
208 1601 367 1658 necessaria
381 1601 484 1658 solutio
498 1619 593 1657 rerum
604 1599 783 1656 creditarum.
814 1598 970 1675 Nunquam
980 1599 1176 1655 vehementius

209 1699 305 1748 actum
319 1697 371 1758 est,
383 1709 469 1766 quam
483 1709 529 1746 me
543 1689 666 1755 consule,
679 1707 715 1745 ne
727 1689 893 1745 solveretur.
924 1687 1022 1744 Armis
1031 1695 1063 1744 et
1076 1687 1178 1746 castris

210 1785 319 1838 tentata
331 1799 376 1836 res
390 1787 435 1837 est
448 1780 485 1838 ab
499 1779 575 1836 omni
594 1797 699 1856 genere
718 1778 864 1835 hominum
884 1785 915 1835 et
933 1778 1046 1836 ordine:
1071 1778 1178 1854 quibus

210 1868 250 1926 lta
270 1869 368 1934 restiti,
387 1877 421 1925 ut
439 1869 493 1926 hoc
515 1875 628 1926 tantum
650 1868 758 1926 malum
778 1868 815 1925 de
834 1886 866 1924 re
887 1868 1001 1944 publica
1020 1867 1175 1926 tolleretur.

177 1963 196 2014 4
211 1958 365 2033 Nunquam
378 1975 431 2016 neo
441 1958 534 2035 majus
546 1977 587 2016 aes
601 1955 724 2016 alienum
737 1958 808 2024 fuit;
822 1977 874 2015 uec
888 1957 989 2016 melius
1001 1977 1055 2016 nec
1067 1958 1178 2016 facilius

211 2046 379 2104 dissolutum
394 2056 446 2104 est.
482 2047 645 2104 h'raudandi
656 2048 730 2104 enim
744 2066 796 2124 spe
806 2048 927 2114 sublata,
939 2047 1067 2104 solvendi
1080 2067 1178 2104 neces·

178 2143 196 2196 h
211 2135 279 2194 sitas
301 2143 454 2192 consecuta
476 2145 528 2193 est.
570 2137 613 2193 At
627 2155 696 2193 vero
715 2136 761 2193 hic
782 2155 858 2192 nnnc
872 2136 970 2203 victor,
984 2144 1047 2194 tum
1061 2137 1178 2212 quidem

211 2225 311 2291 victus,
326 2243 391 2300 quae
407 2225 553 2303 cogitarat,
569 2243 603 2283 ee
618 2226 745 2301 perfecit,
759 2244 826 2282 curn
846 2226 910 2302 ejus
929 2227 990 2303 jam
1003 2226 1072 2284 nihil
1091 2227 1178 2282 inter·

211 2321 294 2372 esset.
335 2315 426 2372 Tanta
438 2315 466 2372 in
480 2333 514 2372 eo
529 2314 665 2393 peccandi
686 2315 773 2379 libido
787 2315 850 2381 fuit,
865 2323 899 2372 ut
918 2316 973 2373 hoc
994 2315 1089 2393 ipsum
1110 2335 1178 2374 cum

212 2405 375 2472 delectaret,
391 2423 518 2482 peccaro,
534 2405 642 2462 etiamsi
656 2423 743 2462 causa
755 2423 812 2461 uon
826 2412 909 2462 esset.

179 2499 198 2554 0
251 2496 301 2553 Ab
315 2496 369 2553 hoc
382 2495 470 2574 igitur
489 2513 593 2573 genere
613 2494 778 2572 largitionis,
793 2503 827 2552 ut
840 2495 901 2551 aliis
914 2494 1008 2562 detur,
1023 2494 1085 2552 aliis
1098 2496 1178 2552 aufe-

211 2592 299 2652 ratur,
314 2586 434 2642 aberunt
448 2585 474 2652 ii,
489 2585 612 2661 quirem
626 2584 770 2660 publicam
789 2585 961 2641 tuebuntur:
982 2585 1011 2640 in
1025 2585 1179 2662 primisque

212 2693 329 2752 operam
344 2674 462 2740 dabunt,
477 2681 511 2731 ut
530 2674 601 2752 juris
622 2681 652 2731 et
672 2673 843 2749 judiciorum
857 2673 992 2750 equitate
1005 2693 1089 2730 suum
1102 2675 1178 2750 quis-

213 2783 268 2841 que
283 2771 394 2830 teneat;
415 2771 444 2821 et
458 2782 549 2840 neque
563 2763 705 2820 tenuiores
719 2769 836 2839 propter
855 2762 1044 2820 humilitatem
1057 2763 1178 2820 circum·

212 2853 367 2918 veniamur,
382 2871 474 2929 neque
496 2853 687 2930 locupletibus
708 2851 746 2909 ad
767 2871 818 2908 suc
831 2852 877 2909 vel
896 2853 1019 2910 tenenda
1032 2853 1078 2909 vel
1097 2871 1177 2909 recu-

213 2941 339 3019 peranda
366 2941 442 3000 obsit
468 2943 587 3001 invidia:
617 2950 757 3020 praeterea
783 2942 997 3018 quibuscunque
1023 2943 1109 3000 rebus
1133 2943 1179 3000 vel

213 3030 280 3089 belli
288 3030 333 3087 vel
347 3030 424 3088 dorni
439 3038 581 3108 poterunt,
591 3051 651 3089 rem
662 3031 806 3108 publicam
819 3039 945 3109 augeant
956 3032 1083 3108 imperio,
1092 3033 1178 3109 agris,

182 3119 409 3197 lvectigulibue.
451 3121 521 3178 Haeo
545 3139 715 3199 magnorum
739 3121 886 3178 hominnm
909 3129 992 3178 sunt:
1017 3123 1080 3178 haee
1099 3122 1180 3198 apud

214 3209 337 3288 majores
350 3217 461 3268 nostros
475 3210 620 3268 lectitata:
642 3211 707 3268 hseo
727 3227 833 3287 genera
852 3209 1008 3268 officiorum
1022 3211 1070 3287 qui
1084 3229 1179 3286 perse

214 3305 349 3380 quuntur,
364 3319 431 3357 cum
445 3317 557 3356 summa
576 3300 699 3356 utilitate
711 3299 753 3358 roi
766 3299 889 3376 publicae
903 3317 1037 3378 magnam
1052 3300 1106 3378 ipsi
1120 3301 1180 3358 adi·

215 3391 361 3469 piscentur
374 3395 404 3446 et
417 3387 541 3465 gratiam
554 3395 584 3445 et
598 3387 729 3465 gloriam.

166 3573 202 3635 ,8
256 3569 292 3626 Iu
305 3569 349 3628 his
362 3575 459 3627 autem
473 3565 627 3626 utilitatum
648 3565 799 3643 praeceptis
813 3566 968 3644 Antipater
980 3567 1090 3644 Tyrius,
1106 3568 1182 3627 Stoi·

216 3677 276 3726 ous,
294 3659 343 3736 qui
363 3659 486 3718 Athenis
507 3675 599 3736 nuper
618 3663 662 3714 est
682 3662 821 3726 mortuus,
841 3655 901 3715 duo
920 3657 1066 3735 praeterita
1084 3665 1183 3718 censet
