2692 4292
177 262 214 316 26
590 278 626 315 na
642 277 769 316 carrena

195 410 213 462 6
267 405 486 484 Intelligendum
510 413 555 464 est
581 415 687 472 autem,
715 425 782 464 cum
817 406 963 484 proposita
996 406 1052 464 sint
1085 423 1197 484 &uera

227 503 370 570 quattuor,
385 515 421 552 ex
435 496 537 572 quibus
558 496 692 552 honestas
715 497 894 572 officiumque
915 505 1050 564 manaret,
1065 496 1199 574 spleud'n

226 584 566 661 dissimumvideri,qucd
580 585 702 642 animo
722 605 856 663 magno
874 586 1056 662 elatoque
1070 587 1192 644 human-

195 673 211 731 7
227 692 314 750 esque
328 693 373 732 res
387 673 558 751 despiciente
578 675 687 732 factum
701 675 744 732 sit.
787 675 889 750 Itaque
902 675 932 732 in
945 675 1054 751 probris
1067 676 1193 732 maxime

225 763 253 820 in
267 771 403 842 promptu
415 771 467 831 est,
482 764 505 820 si
518 763 586 840 quid
600 765 657 820 tale
670 763 727 820 dici
739 772 851 840 potest:

316 895 370 954 Vos
382 899 487 964 etenim,
495 898 616 971 juvenes,
631 897 758 953 unimam
769 897 865 970 peritis
877 897 1046 964 muliebrem,

312 987 368 1045 Illa
382 989 477 1060 virago
491 988 553 1045 ciri.

223 1121 261 1179 Et
275 1120 378 1198 siquid
392 1119 546 1196 ejusmodi:

313 1253 447 1318 Salmaci,
463 1251 501 1307 da
515 1253 612 1326 spolia
628 1253 686 1309 sirac
698 1251 796 1309 sudore
808 1261 834 1309 et
847 1252 988 1326 scapeiae.

192 1392 210 1445 8
226 1388 388 1462 Contraque
410 1385 438 1442 iu
460 1384 600 1450 laudibus,
616 1403 681 1461 quae
701 1404 807 1462 magno
819 1385 912 1442 auimo
925 1385 1035 1443 fortiter
1048 1387 1186 1445 excellen-

225 1483 323 1552 terque
347 1482 429 1552 gesta
453 1481 527 1540 suut,
549 1491 583 1530 ea
605 1474 700 1531 nescio
722 1474 865 1551 quomodo
888 1475 969 1552 quasi
991 1475 1115 1552 pleniore
1137 1496 1187 1534 ore

192 1572 209 1625 9
224 1566 381 1623 laudamus.
424 1563 497 1621 Hiuc
512 1564 658 1620 rhetorum
673 1582 791 1640 campus
802 1564 838 1620 de
850 1564 1023 1630 Marathone,
1036 1563 1185 1633 Salamine,

223 1647 350 1720 Plateis,
374 1653 580 1730 Thermopylis,
604 1653 748 1736 Leuctris:
763 1654 843 1734 „li-iac
870 1659 967 1710 noster
989 1653 1098 1719 Cocles,
1121 1655 1187 1712 hinc

225 1744 312 1810 Decii,
327 1744 391 1800 hinc
408 1735 516 1799 Gri'mus
538 1752 566 1798 et
587 1743 707 1800 Publius
721 1742 874 1820 Scipiones,
890 1742 955 1798 hinc
970 1743 1009 1800 M.
1025 1743 1185 1812 Maroellus,

223 1833 438 1890 innumerabiles
453 1833 516 1888 alii:
538 1833 715 1908 maximeque
729 1833 789 1908 ipse
804 1833 928 1908 populus
939 1833 1083 1891 Romanus
1102 1834 1187 1892 animi

224 1919 416 1999 magnitudine
428 1922 546 1978 excellit.
577 1922 744 1979 Declaratur
753 1930 850 1978 autem
863 1921 989 1979 studium
1000 1923 1109 1982 bellicae
1123 1924 1186 2001 glo-

224 2011 281 2079 riae,
297 2012 374 2087 quod
389 2019 497 2068 statuas
511 2030 622 2087 quoque
637 2010 765 2069 videmus
779 2020 882 2069 ornatu
894 2012 953 2068 fere
966 2012 1086 2071 militari.

94 2160 221 2236 «κν
264 2191 343 2248 ΧΙΧ.
365 2189 424 2248 Sed
439 2209 472 2248 ea
485 2189 570 2247 animi
580 2189 672 2256 elatio,
682 2209 748 2267 quae
759 2190 881 2248 cernitur
890 2190 919 2247 iu
928 2190 1058 2268 periculis
1069 2198 1099 2250 et
1108 2193 1187 2250 labo

224 2281 311 2350 ribus,
326 2281 350 2338 si
368 2280 478 2358 justitia
492 2287 582 2346 vacat,
598 2288 764 2357 pugnatque
785 2299 842 2336 non
862 2300 914 2356 pro
928 2279 1020 2338 salute
1034 2283 1186 2350 communi,

225 2372 276 2430 sed
301 2389 353 2448 pro
375 2370 432 2428 suis
457 2367 620 2436 commodis,
634 2369 663 2425 in
684 2369 751 2427 vitio
772 2378 823 2426 est.
865 2369 931 2426 Nou
953 2370 1027 2427 euim
1048 2372 1134 2430 modo
1155 2371 1186 2428 id

224 2461 335 2520 virtutis
348 2466 469 2527 nonest,
485 2459 536 2516 sed
556 2467 600 2516 est
621 2459 716 2535 potius
729 2458 917 2526 immanitatis,
932 2478 1044 2516 omnem
1058 2461 1185 2518 humaui·

194 2557 210 2608 ι
225 2558 313 2610 tatem
322 2550 490 2627 repellentis.
533 2549 634 2625 Itaque
649 2549 741 2625 probe
752 2547 883 2605 definitur
895 2567 913 2604 a
923 2549 1025 2606 Stoicis
1038 2550 1186 2618 fortitudo,

226 2659 289 2697 cum
303 2658 366 2696 eam
380 2639 513 2696 virtutem
534 2657 596 2695 esse
617 2637 715 2696 dicunt
734 2643 964 2714 propugnantem
978 2658 1030 2715 pro
1044 2640 1186 2715 aequitate.

192 2736 210 2786 3
226 2728 363 2796 Quocirca
383 2746 475 2794 neme,
495 2727 543 2802 qui
557 2727 729 2785 fortitudinis
748 2726 867 2805 gloriam
882 2735 1050 2785 consecutus
1065 2736 1109 2786 est
1121 2729 1185 2786 insi-

225 2817 278 2874 diis
298 2823 328 2873 et
347 2815 460 2882 malitia,
481 2814 595 2873 laudem
615 2824 659 2874 est
684 2817 814 2892 adeptus.
855 2816 933 2873 Nihil
953 2815 1103 2875 honestum
1123 2837 1186 2875 esse

193 2910 212 2963 4
226 2911 330 2983 potest,
338 2904 415 2980 quod
427 2905 537 2983 justitia
547 2913 639 2962 vacat.
679 2906 853 2963 Praeclarum
866 2905 953 2983 igitur
966 2904 1036 2964 illud
1049 2907 1184 2965 Platonis.

225 2995 292 3051 Non
319 2994 420 3061 solum,
444 2994 542 3071 iuquit,
564 2994 689 3063 scientia,
714 3014 779 3071 quae
804 3003 849 3052 est
874 3001 985 3052 remota
1004 2996 1041 3052 ab
1066 2997 1185 3072 justitia,

225 3083 362 3142 calliditas
377 3085 478 3160 potius,
490 3103 575 3161 quam
589 3084 726 3160 sapientia
735 3092 780 3142 est
792 3084 978 3162 appellanda:
994 3087 1186 3143 verumetiam

225 3173 335 3230 animus
349 3181 465 3248 paratus
479 3173 516 3230 ad
535 3174 701 3249 periculum,
716 3174 738 3230 si
753 3193 805 3230 sua
819 3174 982 3251 cupiditate,
997 3193 1053 3230 non
1066 3174 1187 3232 utilitate

226 3260 368 3320 communi
390 3262 553 3338 impellitur,
568 3263 695 3320 audaciae
720 3264 814 3340 potius
838 3283 942 3320 nomen
966 3263 1079 3330 habeat,
1100 3283 1188 3340 quam

135 3401 140 3409 .
193 3361 210 3412 5
225 3351 405 3410 fortitudinia.
428 3351 529 3427 Itaque
538 3351 612 3408 viros
626 3353 715 3409 fortes
725 3360 755 3408 et
764 3353 959 3430 magnanimos
970 3351 1086 3409 eosdem
1097 3354 1187 3410 bonos

226 3449 255 3499 et
275 3441 424 3519 simplices,
440 3440 565 3498 veritatis
585 3441 690 3498 amicos
711 3442 878 3518 minimeque
898 3442 1014 3499 fallaces
1031 3459 1093 3500 esse
1108 3442 1186 3500 volu·

193 3537 210 3589 6
225 3549 305 3588 mus:
327 3551 392 3608 quae
408 3538 473 3588 sunt
483 3549 518 3587 ex
532 3529 625 3588 media
639 3530 724 3587 laude
736 3531 862 3606 justitiae.
904 3532 962 3589 Sed
975 3533 1047 3590 illud
1057 3533 1188 3590 odiosum

225 3626 277 3696 est,
292 3621 369 3698 quod
383 3620 411 3677 in
425 3621 478 3678 hac
493 3619 612 3698 elatione
626 3629 656 3677 et
669 3620 862 3698 magnitudine
875 3620 959 3678 animi
979 3623 1109 3681 facillime
1123 3639 1187 3698 per-
