2692 4292
515 379 600 418 urrann
614 382 633 419 1.
676 381 743 420 oar.
759 381 851 420 xxvu.
1154 370 1193 424 85

169 525 222 564 nos
248 525 384 584 geramus
412 510 595 565 summissius.
643 509 791 568 Panaetius
817 511 934 588 quidem
961 512 1173 580 Africanumt

168 597 328 654 auditorem
342 603 373 653 et
386 597 550 655 familiarem
571 618 663 666 suum,
680 600 793 658 solitum
815 602 855 659 ait
875 601 1025 668 dicerent
1041 619 1138 678 equos,

170 694 288 762 propter
298 687 411 744 crebras
420 688 612 745 contentiones
625 690 789 766 praeliorum
800 691 946 749 ferocitate
955 693 1137 759 exsultantes,

169 775 357 833 domitoribus
379 777 491 834 tradere
512 779 630 845 soleant,
646 779 736 836 uthis
757 780 928 838 facilioribus
949 782 1057 858 possint
1077 781 1120 839 uti

169 865 209 922 sic
234 866 361 923 homines
386 867 518 924 secundis
542 868 628 926 rebus
652 868 803 926 effrenatos
827 870 936 946 sibique
957 871 1139 948 praefidentes

169 961 317 1031 tamquam
337 957 365 1014 in
387 975 492 1034 gyrum
513 958 628 1015 rationis
651 967 681 1015 et
703 958 839 1017 doctrinae
861 958 927 1016 duci
947 967 1140 1036 oporterent

170 1046 362 1122 perspicerent
376 1065 470 1103 rerum
485 1047 673 1106 humanarum
687 1048 909 1106 imbecillitatem
919 1049 1139 1126 varietatemque

169 1135 302 1192 fortunae.
344 1136 442 1212 Atque
463 1136 548 1192 etiam
571 1137 599 1194 in
620 1137 829 1195 secundissimis
848 1139 934 1196 rebus
954 1139 1076 1196 maxime
1096 1143 1172 1197 estd

170 1225 309 1282 utendum
324 1226 438 1282 consilio
452 1225 615 1293 amicorum,
630 1226 730 1303 hisque
748 1229 841 1305 major
853 1227 948 1296 etiam,
963 1247 1049 1305 quam
1063 1235 1138 1296 ante,

170 1314 321 1372 tribuenda
334 1316 495 1374 auctoritas.
537 1316 701 1393 Iisdemque
715 1318 891 1394 temporibus
910 1318 1070 1376 cavendum
1084 1317 1171 1385 esti

170 1423 207 1462 ne
221 1405 441 1462 assentatoribus
456 1406 660 1482 patefaciamus
674 1425 765 1475 aures,
780 1425 851 1464 neve
872 1408 981 1465 adulari
1001 1427 1053 1465 nos
1067 1408 1139 1465 sina·

171 1513 254 1551 mus:
275 1494 303 1550 in
317 1513 373 1570 quo
387 1495 447 1551 falli
460 1495 542 1552 facile
556 1503 608 1554 est.
650 1497 734 1554 Tales
753 1497 829 1554 enim
849 1516 901 1553 nos
917 1516 980 1553 esse
994 1505 1138 1573 putamus,

171 1591 205 1641 ut
216 1585 280 1661 jure
294 1584 453 1642 laudemur.
488 1585 532 1642 Ex
547 1605 604 1662 quo
615 1593 772 1642 nascuntur
784 1585 999 1642 innumerabilia
1013 1593 1140 1664 peccata,

172 1693 237 1731 cum
255 1673 392 1730 homines
417 1675 506 1732 inflati
529 1675 707 1752 opinionibus
732 1675 854 1752 turpiter
876 1673 1035 1743 irridentur,
1060 1682 1091 1733 et
1112 1676 1141 1733 in

171 1763 300 1820 maximis
314 1771 464 1820 versantur
478 1765 628 1822 erroribus.

212 1941 271 1999 Sed
295 1942 359 1998 haeo
385 1943 499 2019 quidem
522 1944 667 2002 hactenus.
710 1944 786 2002 Illud
803 1951 906 2004 autem
931 1945 971 2003 sic
995 1951 1040 2003 est
1063 1944 1173 2022 judi-s

172 2033 304 2100 candum,
319 2032 457 2089 maximas
479 2034 539 2112 geri
559 2053 604 2092 res
624 2041 654 2091 et
673 2035 789 2092 maximi
809 2035 894 2092 animi
913 2036 951 2092 ab
970 2034 1011 2102 iis,
1026 2034 1073 2111 qui
1094 2053 1141 2092 res
1190 2051 1196 2061 ⁴

173 2123 301 2200 publicas
319 2129 429 2200 regant,
445 2123 523 2199 quod
543 2141 640 2181 earum
660 2124 865 2182 administratio
886 2125 1022 2182 latissime
1044 2131 1142 2202 pateat

164 2213 211 2269 'ad
226 2213 418 2290 plurimosque
432 2213 578 2291 pertineat.
613 2213 684 2270 Esse
699 2222 794 2270 antem
809 2215 904 2292 magni
917 2215 1001 2273 animi
1011 2220 1041 2270 et
1054 2213 1140 2270 fuisse
1155 2218 1173 2270 9

172 2303 278 2360 multos
293 2303 378 2360 etiam
392 2303 420 2359 in
433 2302 491 2358 vita
510 2303 607 2369 otiosa,
623 2302 671 2379 qui
692 2311 742 2360 aut
761 2304 964 2382 investigarent
985 2310 1036 2359 aut
1057 2321 1141 2360 eona-

173 2399 271 2448 rentur
291 2411 396 2470 magna
415 2391 558 2469 quaedam,
575 2411 693 2468 seseque
714 2411 829 2450 suarum
850 2412 946 2449 rerum
959 2392 1062 2448 finibus
1076 2411 1140 2448 con·

174 2483 312 2550 tinerent;
333 2490 383 2539 aut
396 2481 536 2559 interjecti
549 2482 622 2538 inter
636 2482 822 2557 philosophos
836 2488 866 2538 et
879 2499 937 2546 eos,
953 2481 1075 2556 quirem
1089 2500 1142 2558 pu·

174 2571 277 2628 blicam
301 2571 536 2637 administrarent,
562 2571 771 2628 delectarentur
793 2589 825 2627 re
849 2588 901 2627 sua
924 2568 1061 2636 familiari,
1085 2589 1143 2627 non

175 2679 239 2719 eam
259 2662 374 2738 quidem
396 2661 471 2720 omni
491 2661 599 2717 ratione
620 2667 835 2738 exaggerantes,
851 2677 942 2735 neque
960 2659 1142 2717 excludentes

174 2752 213 2808 ab
237 2751 298 2828 ejus
323 2771 377 2808 usu
400 2770 474 2817 suos,
498 2750 648 2828 potiusque
672 2757 702 2806 et
722 2749 818 2807 amicis
841 2749 1034 2826 impertientes
1054 2757 1083 2807 et
1103 2750 1143 2808 rei

176 2843 308 2920 publicae,
330 2841 488 2918 siquando
510 2860 579 2897 usus
601 2847 685 2897 esset.
727 2840 799 2908 Quae
821 2839 944 2917 primum
967 2841 1038 2897 bene
1060 2845 1195 2925 partulo

175 2932 220 2998 sit,
246 2933 322 2990 nullo
346 2949 438 3007 neque
463 2930 539 3008 turpi
563 2937 688 3007 quaestu,
714 2949 806 3006 neque
829 2928 945 2986 odioso:
970 2936 1033 2986 tum
1056 2949 1143 3006 quam

177 3021 312 3098 plurimis,
328 3021 414 3078 modo
435 3020 536 3099 dignis,
552 3039 582 3077 se
598 3020 696 3078 utilem
717 3021 862 3096 praebeat:
885 3018 987 3076 deinde
1004 3026 1143 3097 augeatur

176 3220 262 3278 quam
284 3201 444 3270 liberalitati
464 3209 494 3258 et
514 3200 706 3258 beneficentiae
730 3207 836 3276 pareat.
879 3199 952 3256 Haec
975 3199 1143 3277 praescripta
1158 3202 1194 3256 11

177 3299 336 3348 servantem
349 3290 416 3347 licet
429 3289 586 3368 magnifice,
600 3289 726 3368 graviter
744 3290 925 3365 animoseque
939 3289 1041 3356 vivere,
1056 3296 1142 3372 atque

176 3380 263 3438 etiam
276 3379 446 3457 simpliciter,
461 3379 589 3446 fideliter,
604 3379 671 3437 vitae
686 3378 833 3436 hominum
846 3379 944 3437 amice.
1194 3458 1332 3512 s

216 3561 341 3619 XXVII.
365 3561 508 3638 Sequitur,
523 3569 556 3618 ut
570 3560 606 3618 de
620 3581 678 3619 uua
698 3562 806 3638 reliqua
827 3567 908 3638 parte
928 3557 1083 3615 honestatis
1101 3555 1143 3614 di·

177 3652 300 3709 cendum
312 3653 364 3711 sit:
380 3652 409 3709 in
419 3671 475 3728 qua
490 3652 746 3718 verecundia,
761 3653 790 3708 et
804 3650 884 3727 quasi
897 3647 1013 3724 quidam
1026 3654 1144 3706 ornatus

177 3741 254 3808 vita,
279 3741 548 3820 temperantia
572 3747 608 3798 et
632 3740 845 3804 modestia,
867 3736 1014 3814 omnisque
1035 3737 1146 3798 sedatio
