2692 4292
537 295 622 334 amna
635 295 654 334 1.
697 296 764 335 car.
778 296 825 335 xx.
1151 279 1190 340 2'1

172 422 277 482 tinacia
297 429 327 482 et
346 422 431 480 nimia
453 425 591 501 cupiditas
614 424 787 503 principatus
801 425 961 483 innascitur.
1002 426 1044 483 Ut
1065 425 1170 486 animi

174 512 254 590 apud
278 514 430 570 Platonem
452 521 503 580 est,
530 533 641 570 omnem
665 533 774 572 morem
798 515 1077 573 Lacedaemoniorum
1096 516 1136 572 in·

173 599 358 660 flammatum
374 621 435 659 esse
456 603 610 680 cupiditate
631 603 777 660 vincendi:
799 605 847 670 sic,
868 611 902 662 ut
921 605 1039 681 quisque
1052 605 1137 663 animi

172 693 367 770 magnitudine
402 692 521 748 maxime
545 692 664 758 excellit,
692 693 733 749 ita
762 695 884 751 maxime
911 694 972 751 vult
1006 695 1136 771 princeps

173 783 297 838 omnium
320 782 366 838 vel
390 782 485 858 potius
509 781 585 838 solus
610 800 680 840 esse.
732 782 850 839 Difficile
874 790 970 839 autem
997 791 1049 851 est,
1071 791 1168 842 oum8

173 880 312 948 praestare
334 871 464 927 omnibus
485 870 667 948 concupieris,
689 885 801 927 servare
822 866 993 947 aequitateni,
1008 891 1073 950 quae
1091 880 1137 930 est

170 961 290 1037 justitia
303 960 425 1016 maxime
440 959 562 1036 propria.
604 959 648 1016 Ex
658 977 716 1036 quo
729 960 770 1026 fit,
781 967 815 1016 ut
828 979 920 1036 neque
934 960 1135 1038 disceptatione
1150 968 1168 1020 9
1179 955 1184 961 ’

173 1049 248 1106 vinci
268 1069 298 1106 se
318 1068 370 1106 nec
389 1048 447 1105 ullo
468 1048 583 1124 publico
603 1067 636 1106 ac
661 1049 787 1126 legitimo
804 1049 869 1126 jure
889 1050 1049 1127 patiantur:
1079 1052 1135 1108 exi-

174 1145 310 1214 stuntque
329 1138 357 1194 in
375 1157 406 1195 re
425 1136 539 1214 publica
560 1138 727 1214 plerumque
748 1137 896 1216 largitores
914 1146 944 1196 et
965 1140 1081 1209 factiosi,
1103 1148 1137 1200 ut

174 1247 245 1305 opes
259 1246 343 1304 quam
364 1227 500 1284 maximas
514 1236 728 1302 consequantur,
743 1235 774 1284 ει
793 1229 848 1286 sint
861 1228 889 1285 vi
901 1230 997 1306 potius
1010 1231 1135 1306 superio·

172 1336 227 1383 rea,
239 1337 323 1393 quam
334 1317 444 1393 justitia
457 1335 548 1393 pares.
590 1316 649 1373 Sed
662 1337 719 1394 quo
733 1317 878 1384 difficilius,
894 1319 948 1376 hoc
963 1321 1133 1396 praeclarius.
1151 1326 1188 1378 10

173 1406 293 1464 Nullum
304 1407 379 1463 enim
393 1412 436 1463 est
450 1414 572 1483 tempus,
582 1406 658 1482 quod
670 1407 781 1484 justitia
789 1426 891 1464 vacare
901 1408 1013 1466 debeat.
1035 1409 1135 1468 Fortes
1152 1416 1186 1468 ll

173 1496 258 1574 igitur
278 1503 307 1552 ct
328 1495 499 1572 magnanimi
519 1502 586 1552 sunt
606 1496 740 1562 habendi,
755 1515 812 1553 non
825 1497 873 1572 qui
893 1497 1007 1564 faciunt,
1023 1499 1074 1556 sed
1088 1499 1137 1575 qui

174 1585 491 1663 propulsantinjuriam.
520 1583 597 1640 Vera
608 1585 961 1662 autemetsapieusanimi
970 1587 1136 1663 magnitudo

173 1675 324 1732 honestum
346 1674 424 1740 illud,
439 1673 516 1750 quod
538 1674 658 1730 maxime
673 1681 775 1730 natura
795 1675 930 1750 sequitur,
945 1675 974 1732 in
987 1675 1070 1732 factis
1084 1696 1135 1754 po-

174 1764 268 1832 situm,
284 1781 340 1821 non
360 1763 389 1820 in
409 1763 500 1840 gloria
518 1762 636 1841 judicat,
651 1763 864 1840 principemque
884 1783 915 1820 se
936 1782 998 1821 esse
1018 1766 1135 1833 mavult,

174 1873 259 1930 quam
279 1853 375 1911 videri.
416 1851 529 1910 Etenim
550 1852 652 1928 quiex
676 1871 770 1910 errore
790 1853 928 1930 imperitae
950 1854 1136 1912 multitudinis
1151 1861 1187 1912 12

174 1944 290 2020 pendet,
302 1943 348 2000 hic
362 1943 391 1999 in
405 1942 516 2020 magnis
526 1942 591 1998 viris
605 1961 662 1999 non
675 1949 720 1999 ast
732 1943 890 2000 habendus.
933 1943 1075 2001 Facillime
1086 1964 1134 2001 au·
1152 1950 1187 2002 13

173 2041 233 2090 tem
252 2033 290 2090 ad
308 2051 354 2088 ros
371 2031 491 2107 injustas
511 2031 671 2108 impellitur,
694 2038 726 2089 ut
747 2032 865 2108 quisque
886 2032 1022 2090 altissimo
1042 2035 1136 2091 animo

175 2132 227 2189 εει,
248 2122 346 2200 gloriae
367 2120 531 2198 cupiditate.
574 2121 629 2188 Qui
649 2121 729 2178 locus
749 2128 793 2178 est
813 2121 1033 2189 sane-lubricus,
1059 2122 1136 2200 quod

174 2213 221 2269 vix
234 2212 382 2278 invenitur,
394 2211 450 2287 qui,
466 2210 610 2268 laboribus
625 2210 763 2286 susceptis
778 2211 964 2288 periculisque
977 2212 1069 2279 aditis,
1080 2230 1136 2269 non

174 2302 256 2380 quasi
268 2301 427 2360 mercedem
441 2319 535 2357 rerum
549 2307 695 2378 gestarum
708 2300 850 2358 desideret
863 2301 989 2378 gloriam.

214 2483 276 2540 XX.
298 2480 418 2538 Omnino
428 2479 507 2536 fortis
516 2479 623 2536 animus
635 2486 663 2535 et
674 2497 795 2556 magnus
803 2479 914 2536 duabus
925 2479 1008 2536 rebus
1017 2478 1136 2554 maxime

177 2571 314 2629 cernitur:
337 2589 457 2647 quarum
471 2587 528 2626 una
541 2569 570 2625 in
583 2587 678 2625 rerum
692 2576 871 2625 externarum
889 2567 1072 2644 despicientia
1086 2588 1135 2646 po-

176 2662 259 2727 nitur,
281 2680 346 2717 cum
370 2677 535 2735 persuasum
558 2658 603 2724 sit,
624 2656 693 2713 nihil
713 2656 863 2723 bominem,
879 2657 930 2714 nisi
951 2658 1029 2734 quod
1050 2659 1137 2716 houe-

176 2758 251 2807 stum
265 2750 461 2824 decorumque
476 2748 519 2814 sit,
535 2755 586 2804 aut
606 2746 738 2804 admirari
757 2755 808 2803 aut
827 2755 926 2823 optare
940 2755 990 2804 aut
1004 2757 1136 2825 expetere

177 2848 314 2916 oportere,
329 2837 454 2913 nullique
478 2857 569 2913 neque
589 2836 696 2895 homini
716 2855 807 2912 neque
829 2838 1034 2913 perturbationi
1053 2838 1137 2895 animi

176 2947 227 2985 nec
242 2929 362 2985 fortunae
376 2927 568 2985 succumbere.
610 2927 712 2984 Altera
726 2934 770 2984 est
787 2945 841 2992 rea,
856 2933 898 2994 ut,
912 2947 977 2984 cum
990 2927 1030 2984 ita
1044 2927 1082 2984 sis
1096 2927 1135 2983 af-
1151 2934 1168 2984 2

177 3018 268 3074 fectus
289 3017 389 3083 animo,
404 3024 536 3093 utsupra
551 3015 677 3082 dixi‚res
698 3034 781 3094 geras
802 3035 920 3094 magnas
940 3016 1002 3074 illas
1022 3018 1137 3094 quidem

177 3114 207 3163 et
220 3107 338 3162 maxime
353 3107 444 3174 utiles
459 3105 510 3162 sed
524 3114 557 3162 ut
570 3106 753 3163 vehementer
766 3105 870 3163 arduas
884 3107 1037 3186 plenasque
1058 3106 1136 3165 labo-

177 3215 241 3252 rum
262 3201 291 3252 et
315 3195 502 3272 periculorum
524 3215 588 3252 cum
609 3195 676 3252 vitae
699 3205 760 3252 tum
783 3197 935 3253 multarum
955 3216 1057 3262 rerum,
1073 3215 1138 3272 quae

177 3283 314 3341 advitam
329 3285 478 3362 pertinent.
520 3285 630 3342 Harum
648 3303 742 3341 rerum
756 3285 876 3342 duarum
891 3286 1026 3362 splendor
1039 3286 1136 3351 omnis,
1152 3291 1169 3341 3

177 3374 345 3450 amplitudo,
361 3373 436 3430 addo
457 3373 541 3430 etiam
563 3374 723 3440 utilitatem,
746 3375 774 3431 in
796 3376 950 3452 posteriore
970 3383 1030 3431 est:
1053 3391 1139 3430 causa

177 3471 274 3519 autem
289 3470 318 3520 et
332 3464 405 3521 ratio
416 3464 535 3520 efficiens
549 3481 669 3540 magnos
680 3463 754 3521 viros
764 3475 808 3520 εει
820 3465 849 3521 in
863 3465 964 3541 priore.
1005 3464 1039 3518 In
1050 3481 1084 3518 eo
1095 3468 1139 3518 est

178 3552 251 3608 enim
271 3552 351 3620 illud,
367 3552 443 3630 quod
464 3553 634 3610 excellentes
654 3553 763 3611 animos
777 3562 807 3611 et
819 3556 945 3612 humana
959 3557 1138 3609 contemnen-

181 3641 311 3701 testacit.
