2692 4292
457 677 501 749 M.
522 675 660 750 TULLII
685 675 894 751 CICERONIS

290 917 432 1027 DE
501 917 1067 1031 OFFICIIS

657 1143 692 1176 ΑΒ

440 1265 672 1334 MARCUM
704 1269 912 1335 FILIUM.

538 1683 647 1734 LIBER
669 1684 811 1734 PRIMUS.

202 1817 226 1876 Ι.
241 1817 413 1885 Qonmounn
433 1823 471 1882 te,
493 1815 622 1871 Marce
650 1813 664 1870 f
670 1813 731 1881 ili,
756 1833 862 1872 annum
881 1814 943 1892 jam
969 1813 1132 1873 audientem

162 1906 345 1983 Cratippum,
355 1906 440 1982 idque
457 1904 589 1970 Athenis,
601 1903 748 1960 abundare
761 1911 875 1981 oportet
888 1905 1041 1982 praeceptis
1053 1904 1131 1962 insti-

162 1995 289 2070 tutisque
300 1994 499 2072 philosophiae,
512 2001 629 2070 propter
642 2011 784 2049 summam
798 2002 826 2050 et
841 1993 965 2051 doctoris
979 1994 1131 2052 auctorita·

162 2090 265 2141 temet
282 2083 376 2150 urbis;
398 2102 519 2160 quorum
533 2083 606 2139 alter
620 2090 648 2139 te
663 2082 779 2139 scientia
798 2101 904 2160 augere
923 2090 1027 2160 potest,
1042 2083 1133 2140 altera

163 2173 313 2250 exemplis:
335 2180 439 2240 tamen,
459 2179 492 2228 ut
511 2171 572 2248 ipse
593 2170 630 2228 ad
651 2190 745 2228 meam
764 2172 916 2230 utilitatem
938 2191 1052 2250 semper
1065 2191 1132 2230 cum

163 2263 276 2320 Graecis
290 2263 351 2318 Lat'
333 2269 390 2319 tma
410 2261 550 2338 conjunxi,
566 2279 657 2337 neque
678 2261 735 2318 id
727 2281 756 2318 m
771 2261 949 2339 philosophia
963 2263 1064 2328 solum,
1079 2261 1131 2318 sed

163 2352 250 2410 etiam
263 2352 292 2408 in
306 2351 417 2408 dicendi
436 2350 633 2408 exercitatione
654 2351 725 2417 feci;
746 2351 822 2408 idem
842 2351 893 2408 tibi
913 2350 1131 2444 cepseofacien-
1145 2393 1216 2498 2²¹&
1186 2347 1296 2432 „ml
1294 2337 1330 2432 ξς,

129 2499 132 2503 .
164 2440 243 2508 dum,
258 2448 291 2498 ut
305 2459 357 2518 par
370 2441 408 2498 sis
422 2440 450 2496 In
464 2439 611 2516 utriusque
627 2439 760 2496 orationis
776 2411 933 2496 facultate
961 2420 1068 2520 Quam
1070 2426 1163 2515 qui-2
1317 2442 1323 2452 '

163 2531 229 2588 dem
244 2530 280 2587 ad
301 2549 361 2587 rem
380 2548 440 2596 nos,
456 2535 489 2585 ut
507 2528 644 2594 videmur,
659 2547 795 2605 magnum
815 2528 962 2585 attulimus
983 2528 1131 2604 adjumen-

162 2627 225 2678 tum
245 2619 404 2677 hominibus
426 2617 586 2684 nostriani
606 2635 663 2674 non
683 2616 769 2673 modo
791 2617 956 2674 Graecarum
972 2617 1131 2677 litterarum

162 2709 249 2766 rudes
264 2708 315 2765 sed
336 2708 421 2765 etiam
437 2707 514 2764 docti
533 2706 711 2781 aliquantum
730 2723 763 2771 oe
783 2706 954 2780 arbitrentur
967 2707 1087 2784 adeptos
1101 2715 1132 2766 et

163 2797 201 2854 ad
216 2796 367 2855 dIcendum
379 2796 462 2854 etad
474 2794 671 2872 judicandum.
694 2795 787 2863 Quam
799 2787 910 2854 obrem
920 2794 1012 2854 disces
1026 2805 1058 2854 tu
1068 2797 1128 2874 qui·
1144 2803 1162 2855 θ

164 2887 230 2944 dem
245 2905 262 2942 a
276 2886 401 2964 principe
415 2886 502 2962 hujus
524 2884 615 2942 aetatis
629 2885 873 2963 philosophorum,
888 2893 917 2944 et
931 2887 1030 2953 disces,
1041 2906 1129 2963 quam

163 2975 212 3034 diu
226 2977 318 3034 voles:
341 2982 400 3032 tam
414 2975 464 3032 diu
485 2981 582 3032 autem
596 2975 668 3032 velle
684 2975 810 3042 debebis,
825 2975 921 3051 quoad
935 2983 973 3044 te,
988 2983 1128 3052 quantum

163 3065 301 3142 proficias,
316 3083 372 3121 non
385 3064 553 3141 poenitebit:
575 3062 626 3120 sed
647 3071 743 3121 tamen
757 3072 853 3121 nostra
865 3065 972 3143 legens,
987 3084 1043 3123 non
1056 3066 1128 3124 mul·

163 3159 225 3210 tum
240 3172 257 3209 a
270 3153 467 3230 Peripateticis
482 3153 654 3220 dissidentia,
671 3153 804 3230 quoniam
823 3154 935 3231 utrique
949 3153 1085 3214 Socratici
1099 3162 1130 3214 et

160 3241 299 3300 Platonici
313 3243 444 3300 volumus
458 3261 529 3310 esse,
544 3241 581 3299 de
595 3243 682 3300 rebus
694 3243 763 3320 ipsis
777 3249 859 3300 utere
873 3251 924 3300 tuo
942 3244 1058 3321 judicio,
1074 3245 1127 3320 (ni-

160 3331 200 3388 bil
222 3331 295 3388 enim
318 3329 465 3410 impedio)
487 3331 643 3389 orationem
667 3339 765 3390 autem
788 3334 919 3392 Latinam
939 3334 1042 3392 efficies
1063 3353 1127 3411 pro-

160 3421 236 3478 fecto
250 3421 378 3498 legendis
392 3422 494 3478 nostris
515 3422 677 3498 pleniorem.
719 3423 782 3482 Nec
801 3443 868 3481 vero
888 3424 943 3482 boc
963 3428 1160 3500 arroganter4

161 3511 269 3568 dictum
284 3510 437 3568 existimari
451 3510 542 3568 velim.
577 3512 654 3568 Nam
669 3511 887 3590 philosophandi
900 3511 1046 3570 scientiam
1061 3529 1127 3568 con·

161 3599 265 3657 cedens
285 3599 390 3666 multis,
406 3598 483 3676 quod
508 3606 552 3656 est
572 3601 691 3657 oratoris
712 3601 867 3677 proprium,
887 3608 964 3679 apte,
986 3599 1126 3670 distincte,

159 3695 259 3746 ornate
279 3688 381 3758 dicere,
403 3687 536 3766 quoniam
555 3687 586 3746 in
605 3706 639 3746 eo
659 3689 754 3746 studio
774 3695 892 3748 aetatem
912 3689 1083 3767 consumpsi
1103 3689 1128 3754 si
