2692 4292
152 311 190 366 82
566 321 604 360 nn
626 320 755 362 ormena

172 451 189 512 'l
203 460 233 512 et
247 451 398 530 prudentia
412 451 583 528 consilioque
595 449 715 508 fidentis.
757 449 875 506 Temere
885 456 983 508 autem
995 447 1025 506 in
1038 448 1099 506 aeia
1107 467 1171 506 ver·

203 543 267 610 sari,
282 550 312 600 et
325 561 412 600 manu
431 561 497 600 eum
517 541 600 598 hoste
614 539 775 617 confligere,
789 539 913 596 immane
926 537 1063 614 quiddam
1077 546 1107 596 et
1120 539 1171 596 be·

203 631 315 690 luarum
336 631 425 690 simile
439 638 491 698 est,
507 630 558 688 sed
579 649 646 688 eum
666 636 783 706 tempus
803 628 1012 704 necessitasque
1034 628 1171 704 postulat,

203 721 408 780 decertandum
436 739 525 778 manu
551 727 603 788 est,
627 725 656 778 et
684 737 762 776 mors
788 718 919 777 servituti
946 717 1172 796 turpitudinique

202 811 408 890 anteponenda.
1145 801 1149 804 ⁴

16 941 196 998 ‘s
242 991 350 1049 xxiv.
373 991 418 1050 ne
432 989 591 1048 evertendis
610 995 708 1046 eutem
721 987 941 1066 diripiendisque
954 987 1073 1046 ebrae
1086 986 1171 1046 vene

203 1080 441 1140 considerandum
455 1087 507 1146 est,
524 1098 559 1136 ne
573 1079 642 1155 quid
655 1086 772 1146 temere,
786 1076 906 1154 nequid
920 1077 1078 1136 crudeliter.
1120 1076 1170 1133 Id-

203 1189 259 1246 que
270 1177 313 1226 est
323 1169 374 1226 viri
385 1169 490 1246 magni,
501 1169 587 1226 rebus
599 1168 731 1247 agitatis,
736 1168 836 1245 punire
845 1174 949 1234 sontes,
959 1166 1171 1224 multitudinem

170 1263 187 1316 2
203 1277 378 1326 conservare,
389 1258 417 1315 in
426 1258 503 1315 omni
513 1258 627 1316 fortune
638 1267 717 1316 recta
728 1266 815 1334 atque
829 1259 950 1314 honesta
959 1257 1087 1315 retinere.
1127 1255 1172 1312 Ut

202 1349 276 1406 enim
290 1354 365 1416 sunt,
380 1347 624 1424 quemadmodum
638 1367 727 1424 supra
740 1347 806 1414 dixi,
821 1347 870 1424 qui
883 1347 998 1406 urbanis
1011 1348 1096 1404 rebus
1109 1345 1170 1404 bel·

201 1437 270 1496 lieas
290 1445 482 1516 anteponant:
504 1437 543 1496 sie
564 1437 688 1514 reperias
708 1438 823 1504 multos,
838 1437 943 1512 quibus
963 1436 1121 1513 periculosa
1139 1441 1171 1494 et

202 1527 293 1586 aalide
313 1529 428 1588 consilia
441 1527 542 1604 quietis
562 1534 592 1584 et
612 1526 742 1605 cogitatis
762 1533 792 1584 et
813 1525 1006 1602 splendidiora
1018 1533 1049 1582 et
1061 1525 1171 1601 majora

202 1616 359 1678 videantur.
402 1619 557 1695 Nunquam
579 1617 692 1674 omnino
713 1617 831 1692 periculi
851 1617 922 1694 fuga
935 1614 1172 1674 committendum

170 1712 254 1774 aest,
270 1715 303 1766 ut
322 1709 451 1766 imbelles
472 1708 619 1783 timidique
634 1707 789 1764 videamur.
831 1705 889 1762 Sed
910 1703 1079 1782 fugiendum
1100 1703 1171 1761 illud

202 1797 296 1864 etiam,
311 1816 346 1854 ne
361 1797 511 1855 offeramus
534 1815 585 1854 nos
605 1795 736 1872 perieulis
756 1796 816 1852 sine
830 1813 933 1852 eausa:
955 1814 1013 1870 quo
1027 1813 1089 1852 esse
1102 1793 1171 1852 nibil

169 1889 188 1942 4
203 1893 298 1963 potest
309 1887 430 1943 stultius.
473 1887 656 1962 Quapropter
666 1886 694 1943 in
705 1885 843 1942 adeundis
854 1885 986 1962 perieulis
995 1884 1172 1942 consuetudo

202 1975 337 2032 imitanda
357 1975 532 2032 medicorum
552 1981 604 2042 est,
620 1975 668 2051 qui
692 1975 793 2032 leviter
814 1983 988 2052 aegrotantes
1008 1974 1109 2031 leniter
1122 1993 1171 2032 eu·

202 2071 274 2130 rant,
289 2064 465 2142 gravioribus
479 2073 576 2122 autem
590 2064 695 2122 morbis
717 2064 889 2141 periculosas
903 2063 1064 2125 curationes
1078 2071 1108 2121 et
1121 2082 1169 2120 au-

170 2161 187 2214 5
203 2153 301 2229 cipites
315 2152 449 2210 adhibere
461 2161 610 2232 eoguntur.
653 2155 747 2222 Quare
760 2153 790 2210 in
804 2154 955 2230 tranquillo
969 2160 1171 2230 tempestatem

202 2243 351 2300 adversam
371 2251 471 2319 optare
493 2243 631 2300 dementis
652 2251 705 2311 est,
719 2244 869 2302 subvenire
890 2250 986 2300 autem
1007 2243 1171 2319 tempestati

202 2333 300 2409 quavis
319 2333 427 2390 ratione
448 2333 599 2411 sapientis:
621 2351 713 2409 eoque
732 2333 832 2410 magis,
847 2333 870 2389 si
891 2333 955 2408 plus
969 2331 1126 2409 adipiscare
1140 2351 1171 2389 re

170 2409 344 2500 dexplioata
368 2423 442 2491 boni,
464 2443 551 2500 quam
571 2423 741 2480 addubitata
763 2422 838 2478 mali.
880 2421 1053 2480 Periculose
1074 2430 1172 2479 autem

202 2533 297 2572 rerum
318 2515 441 2572 aetiones
463 2514 567 2592 partim
588 2513 620 2570 iis
640 2520 716 2580 sunt,
740 2511 789 2587 qui
807 2529 856 2567 eas
877 2511 1043 2588 suscipiunt,
1066 2511 1171 2588 partim

202 2604 242 2661 rei
262 2604 392 2680 publicae.
434 2603 565 2680 Itemque
586 2603 632 2660 alii
652 2603 689 2660 de
704 2601 770 2667 vita,
785 2601 832 2658 alii
852 2601 890 2658 de
910 2600 1001 2678 gloria
1014 2611 1043 2658 et
1057 2601 1170 2658 benivo-

170 2692 187 2752 7
202 2693 288 2750 lentie
302 2693 405 2750 civium
419 2693 447 2748 in
462 2693 612 2750 discrimen
626 2699 772 2750 vocantur.
812 2689 1007 2765 Promptiores
1021 2690 1108 2768 igitur
1116 2691 1170 2748 'de-

202 2781 303 2840 bemus
324 2800 385 2838 esse
407 2781 445 2837 ad
469 2789 566 2840 nostra
589 2783 723 2858 perieula,
738 2799 825 2857 quam
845 2779 883 2838 ad
904 2781 1074 2847 eommunia,
1089 2780 1170 2838 dimi·

203 2889 323 2948 careque
343 2870 470 2948 paratius
484 2870 520 2928 de
535 2871 642 2930 honore
656 2877 686 2928 et
700 2871 798 2948 gloria,
812 2889 899 2946 quam
921 2870 958 2926 de
979 2869 1079 2928 ceteris
1093 2889 1170 2928 eom·

171 2960 302 3018 enodis.
344 2961 455 3018 Inventi
468 2970 565 3020 autem
579 2961 661 3019 multi
676 2968 751 3028 sunt,
766 2960 815 3037 qui
835 2979 891 3017 non
905 2960 992 3017 modo
1010 2959 1168 3037 pecuniam,

203 3049 353 3106 sedetiam
368 3049 456 3108 vitam
477 3051 648 3128 profundere
669 3071 722 3129 pro
746 3050 839 3128 patria
860 3049 952 3127 parati
966 3058 1069 3116 essent,
1084 3049 1170 3108 iidem

202 3138 301 3216 gloriae
322 3139 463 3216 jacturam
485 3158 521 3196 ne
543 3141 689 3198 minimam
709 3141 825 3217 quidem
846 3140 940 3198 faeere
960 3140 1073 3205 vellent,
1089 3157 1124 3196 ne
1138 3158 1170 3198 re

171 3235 188 3289 9
204 3229 318 3306 publiea
332 3227 447 3305 quidem
459 3229 631 3304 postulante.
667 3231 709 3287 Ut
718 3229 923 3298 Callicratidas,
935 3230 992 3306 qui,
1004 3249 1071 3286 eum
1082 3229 1168 3287 Laee-

202 3317 405 3378 daemoniorum
419 3316 478 3374 dux
491 3317 591 3376 fuisset
605 3318 847 3399 Pelopopnesieeo
868 3319 953 3388 bello,
969 3318 1114 3394 multaque
1128 3317 1168 3375 fe

203 3411 286 3468 eisset
306 3407 428 3486 egregie,
443 3407 528 3464 vertit
547 3407 585 3463 ad
605 3416 765 3464 extremum
785 3409 887 3474 omnia,
903 3414 970 3466 oum
984 3409 1099 3466 oonsilio
1112 3427 1170 3464 nou

203 3499 297 3577 paruit
315 3517 422 3566 eorum,
437 3497 486 3574 qui
507 3497 627 3554 classem
647 3497 685 3554 ab
705 3497 871 3574 Arginussis
892 3497 1101 3563 removendam,
1115 3515 1169 3556 neo

203 3609 268 3646 oum
281 3589 505 3648 Atheniensibus
526 3585 718 3645 dimicandum
738 3587 887 3664 putabant.
930 3587 1040 3655 Quibus
1059 3587 1106 3644 ille
1125 3605 1169 3644 re·

203 3679 327 3758 spondit,
351 3679 590 3746 Lacedaemonios,
619 3677 711 3736 olasse
736 3677 787 3735 ille
815 3676 928 3744 amasa,
956 3677 1041 3735 adam
1067 3691 1170 3754 parare
