2692 4292
539 313 625 351 urana
638 312 681 351 111,
723 311 789 352 oar.
804 312 849 352 111.
1168 299 1208 354 8⁹

185 445 256 523 quin
265 461 412 520 nunquam
425 441 513 520 possit
524 441 629 499 utilitas
640 459 705 498 cum
716 442 864 498 honestate
874 439 1053 498 contendere.
1095 441 1155 499 Ite·
1168 448 1187 501 ³

186 553 245 610 que
258 534 427 610 accepimus,
444 533 590 589 Socratem
611 530 736 588 execrari
756 532 871 588 solitum
885 551 942 598 eos,
961 532 1010 608 qui
1031 531 1155 608 primum

186 625 259 690 haec,
274 631 376 680 natura
390 621 567 687 cohaerentia,
584 621 713 697 opinione
727 620 930 678 distraxissent.
971 620 1025 678 cui
1038 621 1154 698 quidem
1168 624 1188 679 4

186 715 229 770 ita
253 720 321 769 sunt
345 712 433 769 Stoici
456 711 571 777 assensi,
587 718 619 766 ut
644 718 673 767 et
697 710 831 786 quicquid
855 711 1005 768 honestum
1026 718 1109 776 esset,
1123 711 1154 768 id

187 803 259 859 utile
281 820 342 859 esse
365 809 530 866 censerent;
553 819 606 857 nec
629 800 698 857 utile
718 800 879 875 quicquam,
894 800 972 876 quod
993 819 1049 858 non
1068 801 1155 858 hone·

188 899 275 948 stum.
318 890 427 959 Quodsi
441 890 463 946 is
478 897 553 946 esset
567 890 721 956 Panoetius
736 890 784 965 qui
797 889 930 946 virtutem
944 897 1095 966 propterea
1108 909 1155 947 co·
1169 898 1187 949 5

189 981 304 1037 landam
326 980 439 1046 diceret,
455 978 532 1056 quod
552 999 587 1037 ea
609 979 732 1036 efficiam
755 979 885 1035 utilitatis
907 985 999 1045 esset;
1020 988 1053 1035 ut
1066 979 1092 1046 ii,
1107 979 1156 1054 qui

190 1089 237 1127 res
252 1070 424 1146 expetendas
434 1070 478 1126 vel
492 1069 639 1144 voluptate
649 1068 694 1124 vel
708 1069 862 1125 indolentia
875 1068 1044 1125 metiuntur:
1059 1068 1157 1126 liceret

190 1160 217 1217 ei
231 1160 331 1225 dicere,
347 1159 497 1216 utilitatem
521 1157 673 1234 aliquando
688 1177 753 1214 cum
767 1159 916 1214 honestate
938 1177 1074 1235 pugnam.
1097 1157 1155 1216 Sed
1170 1163 1188 1216 6

191 1267 256 1306 cum
270 1249 306 1305 sit
318 1249 350 1314 is,
366 1249 413 1325 qui
434 1248 463 1305 id
484 1249 577 1305 solum
592 1247 697 1305 bonum
710 1246 830 1324 judicet,
845 1247 923 1324 quod
937 1249 1087 1322 honestum
1102 1249 1139 1305 sit
1147 1267 1155 1317 ;

191 1356 255 1413 quae
276 1345 371 1394 antem
392 1338 458 1395 huic
483 1344 645 1414 repugnent
658 1338 753 1414 specie
767 1337 892 1413 quadam
904 1338 1041 1405 utilitatis,
1056 1357 1156 1396 eorum

190 1445 282 1502 neque
303 1427 464 1484 accessione
485 1427 629 1483 meliorem
644 1427 732 1484 vitam
752 1427 820 1493 fieri,
835 1445 887 1483 nec
901 1427 1063 1484 decessione
1078 1428 1156 1505 pejo

190 1535 267 1574 rem:
289 1535 345 1572 non
359 1515 471 1574 videtur
492 1517 554 1593 ejus
576 1516 654 1573 modi
676 1516 807 1573 debuisse
828 1516 1056 1573 deliberationem
1071 1518 1157 1574 intro-

192 1605 305 1672 ducere,
320 1606 426 1683 inqua,
442 1606 518 1682 quod
533 1607 602 1662 utile
617 1605 768 1670 videretur,
781 1625 845 1662 cum
861 1624 903 1670 eo,
915 1606 992 1681 quod
1006 1606 1158 1663 honesturn

194 1703 246 1762 est,
254 1702 474 1772 compararetur.
496 1695 609 1752 Etenim
618 1695 696 1771 quod
708 1713 851 1753 summum
862 1695 970 1751 bonum
978 1713 996 1750 a
1004 1695 1106 1751 Stoicis
1113 1695 1156 1752 di·
1171 1695 1189 1754 '1

193 1787 272 1853 citur,
289 1786 487 1843 convenienter
505 1793 614 1842 naturae
628 1785 732 1850 vivere,
746 1784 775 1841 id
796 1785 884 1841 babet
903 1785 985 1850 hanc,
1002 1791 1035 1840 ut
1049 1783 1157 1860 opinor,

193 1875 369 1941 sententiam,
391 1895 458 1932 cum
483 1875 586 1931 virtute
608 1893 766 1952 congruere
787 1893 915 1950 semper;
936 1880 1031 1930 cetera
1050 1881 1156 1941 autem,

194 1985 258 2041 quae
272 1965 428 2022 secundum
449 1971 580 2020 naturam
602 1972 705 2030 essent,
721 1963 760 2020 ite
781 1964 885 2041 legere,
900 1963 923 2019 si
937 1982 971 2020 ea
984 1963 1080 2021 virtuti
1099 1983 1157 2022 non

193 2062 395 2132 repugnarent.
438 2054 522 2122 Quod
539 2073 604 2110 cum
623 2053 662 2110 ita
676 2053 720 2119 sit,
736 2061 840 2129 putant
852 2053 978 2130 quidam,
993 2054 1066 2110 hanc
1080 2073 1156 2111 com·
1171 2061 1189 2113 8

194 2145 367 2222 parationem
380 2162 436 2200 non
451 2151 534 2200 recte
542 2141 743 2210 introductam,
758 2161 811 2201 nec
824 2144 937 2200 omnino
950 2143 988 2200 de
1001 2161 1036 2200 eo
1050 2162 1156 2220 genere

193 2234 344 2311 quicquam
360 2232 582 2309 praecipiendum
598 2232 693 2289 fuisse.

233 2325 331 2398 Atque
350 2321 420 2380 illud
441 2321 556 2398 quidem
575 2323 736 2388 honestum,
751 2322 829 2397 quod
850 2323 964 2399 proprie
978 2339 1100 2396 vereque
1114 2322 1189 2380 dte

193 2413 274 2480 citur,
289 2411 318 2469 id
339 2411 366 2468 in
387 2413 561 2489 sapientibus
582 2419 626 2469 est
646 2412 721 2477 solis,
737 2431 829 2488 neque
848 2431 866 2467 a
879 2413 983 2472 uirtute
997 2411 1091 2469 divelli
1105 2431 1156 2468 un·

193 2521 279 2578 quam
293 2509 396 2578 potest.
436 2502 471 2558 ln
484 2501 518 2558 iis
531 2509 635 2567 autem,
652 2501 797 2577 inquibus
811 2500 948 2576 sapientia
962 2503 1088 2576 perfecta
1101 2519 1158 2557 non

194 2597 245 2656 est,
257 2591 350 2667 ipsum
365 2590 434 2648 illud
449 2591 564 2666 quidem
580 2590 741 2666 perlectum
755 2591 904 2646 honestum
920 2590 1105 2658 nullomodo,
1119 2591 1157 2648 si·

193 2680 363 2737 militudines
382 2680 494 2737 honesti
515 2698 577 2736 esse
598 2686 726 2756 possunt.
768 2679 840 2735 Haec
858 2679 932 2736 enim
951 2681 1044 2737 omnia
1058 2681 1155 2747 officie,
1173 2685 1211 2740 lo

194 2769 230 2826 de
245 2770 347 2845 quibus
361 2769 404 2826 his
418 2768 498 2826 libris
513 2768 703 2846 disputamus,
718 2767 811 2824 media
832 2768 920 2826 Stoici
940 2770 1102 2847 appellent:
1124 2789 1159 2828 ea

194 2859 353 2916 communia
366 2867 440 2924 sunt,
453 2866 481 2916 et
494 2859 552 2916 late
567 2865 666 2934 patent
679 2876 685 2914 :
700 2876 766 2934 quae
776 2865 805 2914 et
818 2858 923 2935 ingenii
937 2859 1062 2918 bonitate
1075 2859 1159 2918 multi

194 2955 381 3024 assequuntur
395 2955 424 3006 et
439 2948 634 3025 progressione
649 2947 784 3006 discendi.
827 2948 905 3005 Illud
919 2956 1014 3006 autem
1025 2951 1156 3019 officium,
1173 2956 1209 3010 ll

194 3038 271 3114 qnod
285 3047 395 3119 rectum
407 3038 492 3095 iidem
502 3037 655 3115 appellant,
667 3038 824 3115 perfectum
833 3046 919 3114 atque
929 3039 1091 3098 absolutum
1105 3049 1157 3110 est,

194 3135 231 3194 et,
246 3134 280 3184 ut
301 3128 385 3185 iidem
401 3127 507 3194 dicunt,
523 3147 621 3184 omnes
640 3145 774 3184 numeros
793 3128 900 3195 habet;
920 3146 982 3196 nec,
997 3138 1102 3207 praeter
1114 3150 1158 3188 se-

195 3217 325 3295 pientem,
342 3217 443 3274 cadere
463 3217 491 3274 in
505 3235 677 3293 quemquam
700 3224 803 3294 potest.
846 3217 922 3274 Oum
942 3226 1039 3276 eutem
1053 3219 1158 3295 aliquid
1174 3226 1211 3278 12

194 3314 290 3364 actum
308 3313 359 3373 est,
374 3306 474 3382 inquo
492 3306 585 3363 media
603 3305 695 3363 officia
713 3313 901 3382 compareant,
916 3307 946 3364 id
965 3309 1107 3365 cumulate
1120 3309 1159 3365 vi·

195 3395 279 3452 detur
300 3415 362 3453 csse
384 3397 550 3473 permotum,
574 3402 725 3472 propterea
743 3396 821 3472 quod
836 3397 947 3474 vulgae,
962 3397 1030 3473 quid
1049 3397 1160 3454 absita

195 3485 330 3562 perfecto,
345 3505 401 3542 non
423 3486 482 3542 sere
504 3485 641 3562 intelligit,
656 3493 796 3561 quatenus
817 3495 913 3542 autem
933 3485 1071 3562 intelligit,
1091 3485 1159 3541 nihil

195 3582 279 3652 putat
298 3575 532 3652 praetermissum.
575 3575 659 3643 Quod
679 3575 757 3632 idem
775 3575 805 3631 in
825 3574 972 3651 poematis,
993 3574 1021 3630 in
1042 3573 1160 3650 picturis
1176 3579 1212 3633 18

194 3665 355 3735 usuvenit,
376 3666 405 3724 in
425 3665 543 3742 aliisque
564 3664 769 3741 compluribus,
786 3669 822 3722 ut
839 3662 1018 3720 delectentur
1040 3661 1162 3740 imperiti

685 3751 724 3812 g*
