2692 4292
510 357 595 396 ornus
610 358 652 398 111.
695 358 761 398 cnr.
779 359 827 398 xx
1119 347 1176 401 loe

151 479 285 564 ¹uuquam
305 485 484 544 consulatum
497 485 656 551 videretur;
670 487 713 556 ‘Q
733 486 888 554 Metellum,
906 487 988 565 eujus
1008 488 1122 566 legatus

156 585 227 644 erat,
243 593 388 633 summum
401 574 492 630 virum
513 585 542 632 et
562 575 661 640 civem,
677 595 743 632 eum
755 576 793 632 ab
807 595 849 642 eo,
868 577 1039 652 imperatore
1059 595 1121 644 sno,

157 665 282 722 Romam
303 664 405 720 missus
426 670 509 728 esset,
525 663 603 739 npud
624 663 763 739 populum
783 665 942 722 Romanum
960 666 1122 723 criminatus

157 761 212 820 est,
233 753 341 811 bellum
362 751 442 809 illum
463 751 584 808 ducere:
614 751 637 808 si
661 769 692 808 se
716 754 861 809 consulem
881 753 1021 820 iecissent,
1043 755 1123 812 brevi

156 850 298 919 tempore,
313 847 362 897 aut
376 841 480 906 vivum,
496 847 546 898 aut
564 847 708 897 mortuum
721 841 740 898 J
742 843 897 918 ugurtbam
910 861 941 900 se
954 843 983 899 iu
996 851 1122 918 potesta·

156 939 217 989 tem
234 930 330 1008 populi
351 929 470 985 Romani
484 929 625 986 daturum.
668 931 771 1004 Itaque
785 929 877 986 laetus
891 937 935 986 est
947 931 995 988 ille
1007 931 1122 1008 quidem
1136 937 1153 989 2

159 1021 268 1085 consul,
284 1019 334 1076 sed
348 1037 365 1074 a
378 1017 435 1074 fide
452 1017 616 1093 justitiaque
630 1017 767 1083 discessit,
781 1019 830 1094 qui
850 1020 989 1094 optimum
1009 1028 1038 1077 et
1057 1039 1122 1098 gra·

158 1109 307 1166 vissimum
326 1107 425 1175 civem,
440 1107 521 1183 eujus
541 1107 662 1183 legatus,
677 1114 707 1163 et
724 1125 813 1183 aquo
826 1108 928 1166 missus
941 1116 1024 1174 esset,
1040 1109 1068 1164 in
1081 1110 1121 1164 in·

158 1199 265 1255 vidium
279 1197 351 1253 falso
363 1196 476 1252 crimine
490 1194 647 1252 adduxerit.
683 1196 728 1252 Ne
742 1205 837 1253 noster
851 1197 965 1274 quidem
980 1197 1121 1254 Gratidia-
1135 1203 1153 1255 8

159 1305 214 1343 nus
228 1285 319 1342 officio
332 1285 397 1342 boni
410 1284 461 1340 viri
474 1284 588 1340 iunctus
603 1291 647 1340 est
667 1292 737 1351 tum,
753 1305 819 1342 curn
839 1293 948 1362 praetor
965 1294 1049 1351 esset,
1064 1287 1121 1343 col-

160 1375 324 1452 legiumque
338 1380 492 1449 praetorum
507 1372 610 1430 tribuni
627 1372 703 1448 plebi
717 1373 919 1442 adhibuissent,
934 1383 1026 1431 utres
1040 1393 1120 1431 num-

160 1465 249 1520 maria
262 1463 299 1520 de
312 1462 453 1520 communi
467 1462 605 1518 sententia
615 1462 842 1521 constitueretur.
870 1464 1040 1521 Jaetabatur
1049 1464 1123 1520 enim

160 1553 337 1629 temporibus
360 1552 413 1608 illis
437 1571 567 1608 nummus
592 1552 640 1618 sie,
665 1560 699 1608 ut
725 1571 808 1608 nemo
832 1560 928 1628 posset
951 1553 1030 1617 scire,
1054 1551 1148 1628 quid-

160 1643 288 1699 haberet.
319 1641 552 1716 Conscripserunt
565 1641 751 1698 communiter
764 1641 889 1697 edictum
903 1660 968 1697 cum
982 1659 1068 1716 poena
1080 1648 1122 1696 at·
1136 1644 1156 1696 4

160 1750 217 1807 que
229 1729 351 1807 judieio;
372 1730 643 1805 constitueruntque,
656 1737 689 1786 ut
703 1749 800 1786 omnes
814 1730 896 1786 simul
910 1731 939 1786 in
953 1738 1044 1786 rostra
1058 1737 1124 1806 post

160 1819 306 1876 meridiem
319 1819 509 1875 escenderent.
545 1819 582 1874 Et
597 1819 682 1876 ceteri
691 1817 805 1894 quidem
820 1819 890 1876 alius
905 1819 974 1876 alio:
989 1819 1094 1876 Marius
1106 1825 1155 1877 ab

160 1907 299 1965 subselliis
319 1907 347 1964 in
367 1915 459 1964 rostra
478 1915 564 1972 recta,
580 1907 675 1983 idque,
691 1908 767 1983 quod
783 1909 970 1965 communiter
984 1907 1121 1983 composi-

71 2042 76 2048 .
159 2003 224 2053 tum
246 1996 345 2061 iuerat,
368 1995 444 2052 solus
469 1996 563 2052 edixit.
605 1996 643 2052 Et
666 2015 702 2052 ea
720 2016 774 2062 res,
795 1997 819 2053 si
839 1997 951 2073 quaeris,
972 1997 998 2053 ei
1018 2014 1127 2073 magno

158 2085 260 2142 honori
272 2085 333 2142 fuit.
369 2085 506 2142 Omnibus
521 2085 587 2141 vicis
602 2091 724 2142 statues:
747 2085 784 2141 ad
798 2094 914 2152 castus,
930 2086 1011 2144 cerei.
1046 2085 1122 2154 Quid

158 2175 275 2232 multa?
318 2175 411 2231 Nemo
425 2193 549 2250 unquam
563 2174 734 2231 multitudini
750 2174 803 2230 luit
817 2175 913 2232 carior.
955 2176 1030 2232 Haec
1044 2181 1119 2240 suut,
1136 2179 1154 2232 6

158 2283 227 2341 quae
252 2264 420 2320 conturbant
444 2263 471 2318 in
492 2263 691 2320 deliberatione
715 2278 926 2339 nonnunquam,
948 2283 1015 2321 cum
1033 2263 1072 2330 id,
1093 2264 1123 2320 iu

158 2372 219 2429 quo
239 2352 357 2408 violatur
378 2352 505 2427 aequitas,
527 2352 641 2408 nonita
661 2371 804 2430 magnum,
827 2352 896 2408 illud
917 2360 1022 2418 autem,
1044 2351 1122 2428 quod

159 2461 197 2498 ex
221 2460 254 2497 eo
279 2441 394 2516 paritur,
420 2459 606 2517 permagnum
630 2437 758 2497 videtur:
789 2447 822 2496 ut
845 2441 944 2506 Mario,
970 2440 1123 2516 praeripere

159 2527 278 2606 collegis
299 2538 329 2586 et
348 2529 466 2586 tribunis
489 2529 526 2605 pl.
550 2529 717 2605 popularem
738 2528 868 2604 gratiam,
883 2547 939 2584 non
960 2528 1000 2583 ita
1021 2534 1122 2602 turpe;

159 2618 306 2675 consulem
319 2619 356 2674 ob
371 2636 433 2673 eam
446 2636 507 2673 rem
520 2617 587 2683 fieri,
600 2616 677 2692 quod
692 2617 744 2673 sibi
759 2623 820 2672 tum
835 2621 1028 2692 proposuerat,
1039 2615 1122 2672 valde

160 2707 231 2764 utile
242 2705 398 2762 videbatur.
427 2705 485 2763 Sed
500 2706 623 2761 omnium
635 2723 691 2760 una
705 2705 804 2781 regula
813 2711 866 2771 est,
877 2723 963 2781 quam
976 2703 1026 2760 tibi
1040 2704 1124 2780 cupio
1138 2701 1155 2762 'l

161 2814 225 2852 esse
240 2794 431 2852 notissimam:
454 2802 504 2850 aut
517 2793 595 2860 illud,
611 2793 688 2869 quod
702 2793 770 2849 utile
783 2793 902 2858 videtur,
918 2800 1002 2869 turpe
1019 2812 1055 2850 ne
1071 2793 1107 2849 sit
1115 2812 1123 2859 ;

161 2891 222 2949 aut,
237 2884 261 2940 si
281 2890 364 2959 turpe
384 2891 436 2949 est,
450 2901 486 2939 ne
500 2882 632 2939 videatur
645 2900 708 2938 esse
721 2882 798 2939 utile.
840 2881 914 2950 Quid
928 2881 1037 2959 igitur?
1058 2901 1122 2958 pos·
1138 2888 1156 2939 8

161 2990 296 3030 sumusne
310 2979 361 3028 aut
373 2971 452 3028 illum
467 2971 587 3028 Marium
601 2970 692 3027 virum
702 2971 808 3028 bonum
819 2971 955 3047 judicare,
964 2978 1015 3030 aut
1024 2970 1123 3028 hunc?

161 3061 281 3137 Explica
294 3067 380 3136 atque
394 3067 496 3117 excute
510 3059 723 3136 intelligentiam
741 3066 828 3125 tuam,
843 3068 877 3120 ut
890 3058 993 3126 videas,
1008 3079 1073 3137 quae
1088 3059 1125 3116 sit

161 3149 191 3207 in
205 3168 239 3206 ea
252 3149 371 3226 species,
385 3148 476 3204 forma
490 3155 520 3204 et
533 3148 610 3206 notio
622 3147 674 3204 viri
686 3147 760 3205 boni.
802 3148 886 3205 Cadit
905 3167 975 3226 ergo
992 3149 1021 3206 in
1034 3150 1124 3206 virum
1138 3153 1156 3206 9

163 3239 270 3296 bonum
290 3237 399 3294 mentiri
419 3236 602 3294 emolumenti
622 3236 665 3292 sui
685 3255 780 3303 causa,
796 3237 941 3303 criminari,
958 3238 1122 3314 praeripere,

163 3326 284 3383 fallere?
325 3325 402 3382 Nihil
418 3324 545 3400 proiecto
559 3324 659 3381 minus.
700 3324 754 3380 Est
767 3343 836 3402 ergo
849 3325 908 3382 ulla
921 3345 966 3382 res
979 3324 1059 3389 tanti,
1074 3328 1124 3378 aut
1139 3327 1177 3380 10

163 3413 345 3473 commodum
358 3412 448 3469 ullum
462 3420 521 3469 tam
534 3411 735 3489 expetendum,
750 3420 783 3470 ut
796 3413 848 3470 viri
865 3414 932 3470 boni
945 3419 975 3468 et
992 3409 1132 3487 splendo-x

163 3521 223 3560 rem
236 3511 265 3559 et
278 3519 381 3558 nomen
395 3501 531 3558 amittas‘l
572 3501 646 3569 Quid
661 3508 713 3569 est,
728 3501 806 3578 quod
826 3501 925 3558 afferre
943 3506 1056 3555 tantum
1070 3497 1123 3553 uti-
1139 3502 1175 3555 11

162 3592 228 3649 litas
249 3592 312 3656 ista,
332 3609 397 3667 quae
417 3589 526 3655 dicitur,
549 3589 647 3665 possit,
662 3596 799 3664 quantum
819 3587 938 3652 auferre,
952 3587 975 3642 si
995 3584 1062 3642 boni
1075 3584 1126 3640 viri

164 3699 268 3738 nomen
280 3678 423 3756 cripuerit,
437 3677 524 3734 fidem
537 3676 733 3754 justitiamque
746 3675 921 3733 detraxerit?
961 3667 1039 3741 Quid
1051 3672 1178 3731 enimlt

654 3771 692 3820 10
