2692 4292
175 325 215 382 tu
592 339 629 378 nn
650 339 779 380 orrrcns

194 473 212 528 6
227 467 301 526 tatis.
343 467 436 526 Aliter
449 469 546 546 ampla
565 469 667 526 domus
688 469 820 526 dedecori
834 487 913 545 saepe
932 467 1047 526 domino
1057 469 1100 536 tit,
1114 468 1140 525 si
1152 474 1200 526 est

226 557 255 615 in
274 575 309 614 ea
328 557 463 624 solitud0‚
484 565 515 614 et
534 559 666 625 maxime,
687 559 712 616 si
731 558 884 634 aliquando
903 558 961 616 alio
978 557 1093 616 domino
1112 559 1199 614 solita

194 645 212 706 ’1
227 647 471 794 {ppitslprepuentam
514 646 653 706 Odiosum
674 653 720 704 est
738 647 822 714 enim,
843 662 911 705 cum
925 667 944 704 a
957 647 1199 725 pretereuntibus

408 857 432 916 0
446 857 546 915 domus
559 859 686 932 antiqno,
702 857 754 914 heu
768 876 855 932 qaum
868 857 978 933 cicimari
1055 845 1060 854 ⁶

332 945 489 1004 Dominnrc
502 945 640 1005 domino!

195 1107 213 1160 8
228 1099 305 1178 quod
319 1099 434 1178 quidem
448 1101 492 1157 his
506 1101 682 1177 temporibus
696 1100 725 1158 in
737 1100 834 1158 multis
854 1100 921 1158 licet
940 1100 1043 1160 dicere.
1084 1101 1197 1158 (laven-

227 1189 296 1246 dum
310 1197 406 1246 autem
420 1195 472 1254 est,
488 1190 645 1266 prasertim
660 1190 685 1247 si
697 1191 759 1266 ipse
779 1190 911 1257 aedifices,
926 1209 963 1247 ue
976 1197 1057 1247 extra
1075 1190 1196 1247 modum

226 1284 344 1354 sumptu
355 1284 383 1334 et
394 1279 602 1356 magnificentia
612 1276 748 1356 prodeas:
764 1279 859 1356 quoin
871 1297 976 1357 genere
989 1280 1112 1337 multum
1126 1279 1196 1338 mali

195 1366 313 1426 tetiam
336 1367 364 1424 in
388 1368 520 1444 exemplo
540 1373 591 1424 est.
634 1367 768 1426 Studiose
788 1369 863 1425 enim
883 1369 1018 1445 plerique,
1033 1369 1195 1446 praesertim

226 1456 255 1513 in
278 1457 351 1514 hanc
374 1465 494 1534 partem,
509 1457 586 1515 lacta
605 1457 766 1534 principum
788 1457 950 1514 imitantur:
971 1465 1005 1514 ut
1024 1458 1056 1514 L
1071 1457 1195 1525 Luculli,

227 1547 331 1604 summi
344 1546 404 1614 viri,
419 1547 553 1603 virtutem
569 1547 631 1624 quis
644 1546 657 1602 i
680 1552 711 1603 at
724 1564 810 1622 quam
824 1545 909 1603 multi
921 1547 1052 1604 villarum
1064 1546 1195 1624 magnili-

227 1636 349 1693 centiam
361 1635 461 1694 imitati
475 1636 566 1694 runt?
587 1635 715 1704 Quarum
730 1635 845 1712 quidem
859 1642 937 1692 certe
950 1642 995 1693 est
1013 1635 1197 1693 adhibendus

227 1726 339 1793 modus,
349 1726 386 1783 ad
397 1725 680 1801 mediocritatemque
690 1725 874 1782 revocandus.
906 1724 1072 1801 Eademque
1085 1725 1195 1782 medio-

227 1815 312 1873 critas
323 1814 360 1871 nd
374 1833 488 1872 omnem
501 1833 585 1872 usum
596 1815 763 1890 cultumque
771 1814 838 1872 vitm
847 1813 1042 1871 transferenda
1052 1821 1105 1872 est.
1133 1813 1195 1871 Sed

227 1903 292 1962 haec
306 1903 453 1960 hactenus.

176 1997 214 2050 10
267 1992 303 2048 In
325 1991 401 2047 omni
425 1999 522 2048 autem
548 1992 661 2050 actione
684 1991 864 2070 suscipienda
886 1991 940 2048 tria
964 1998 1031 2049 sunt
1050 1992 1193 2050 tenenda:

227 2079 360 2159 primurn,
374 2086 407 2136 ut
421 2081 565 2157 appetitus
584 2082 685 2138 rationi
704 2088 821 2160 pareat;
842 2100 900 2157 quo
912 2081 981 2138 nihil
994 2081 1089 2138 estad
1102 2082 1195 2139 officia

228 2169 421 2232 conservanda
447 2171 706 2228 accommodatius:
742 2170 854 2237 deinde,
882 2178 916 2227 ut
942 2169 1191 2238 animadvertatru,

227 2265 335 2336 quanta
355 2257 403 2315 illa
425 2277 470 2316 res
492 2259 537 2326 sit,
559 2278 646 2335 quam
666 2260 777 2318 efficere
796 2260 934 2327 velimus3
954 2266 987 2317 nt
1006 2277 1078 2317 neve
1091 2261 1208 2338 majort

226 2365 298 2406 neve
312 2347 403 2405 minor
417 2365 486 2406 cura
499 2355 528 2406 et
542 2367 629 2427 opera
643 2349 822 2425 suscipiatur,
837 2367 924 2425 quam
942 2367 1029 2407 causa
1048 2349 1192 2426 postulet:

226 2439 343 2497 tertium
358 2445 410 2506 est,
424 2445 631 2507 moereamus,
645 2445 679 2496 ut
692 2457 733 2504 ea,
748 2457 815 2514 quae
836 2438 977 2514 pertinent
994 2439 1033 2495 ad
1046 2439 1193 2496 liberalem

176 2535 212 2588 11
227 2530 350 2607 speciem
374 2535 403 2586 et
429 2528 606 2607 dignitatem,
630 2527 780 2586 moderata
802 2527 865 2584 siut.
907 2525 1012 2585 Modus
1031 2535 1128 2584 autem
1147 2535 1195 2586 est

227 2621 360 2698 optimus,
375 2619 463 2677 decus
477 2621 571 2697 ipsum
584 2625 692 2685 tenere,
707 2617 816 2693 dequo
828 2623 894 2674 aute
914 2615 1047 2685 diximus,
1061 2635 1114 2675 nec
1128 2637 1193 2695 pro-

227 2709 308 2788 gredi
330 2711 449 2787 longius.
492 2710 602 2767 Horum
625 2716 722 2766 tamen
742 2708 828 2765 trium
851 2707 1119 2784 praestantissimum
1138 2714 1193 2776 est,

227 2798 388 2876 appetitum
402 2797 599 2876 obtemperare
612 2799 722 2857 rationi.

261 2975 322 3034 XL.
337 2975 480 3052 Deinceps
494 2975 531 3033 de
544 2976 670 3053 'ordine⁸
685 2996 798 3034 rernm
812 2975 892 3034 etde
910 2975 1194 3053 opportunitate

227 3071 434 3141 temporum
448 3064 600 3123 dicandum
611 3073 662 3125 est.
696 3067 770 3124 Haec
780 3074 877 3123 autem
887 3065 1003 3122 scientia
1015 3065 1195 3123 continentur

228 3171 271 3222 ea,
286 3172 372 3230 quam
394 3155 490 3213 Graeci
510 3156 633 3230 εὐταξίαν
647 3155 809 3222 nominant;
829 3173 887 3211 uon
905 3155 988 3222 hanc,
1002 3171 1089 3231 quam
1107 3154 1192 3211 inter-

228 3250 375 3320 pretamur
386 3244 564 3312 modestiam,
579 3263 636 3321 quo
649 3245 678 3302 in
691 3245 779 3302 verbo
791 3244 895 3302 modus
907 3243 981 3301 inest
991 3261 999 3311 ;
1019 3243 1072 3301 sed
1087 3243 1136 3301 ills
1149 3249 1194 3301 est

196 3332 347 3407 anenata,
368 3333 397 3390 in
416 3351 473 3408 qua
492 3333 659 3410 intelligitur
678 3332 784 3390 ordinis
803 3333 987 3391 conservatio.
1027 3333 1139 3408 Itaque,
1158 3339 1194 3390 ut

228 3403 348 3481 eandem
362 3441 413 3480 nos
427 3421 595 3479 modestiam
609 3422 795 3498 appellemus,
807 3423 846 3481 sic
860 3422 994 3480 definitur
1006 3440 1024 3477 a
1037 3421 1149 3489 Stoicis»,
1158 3427 1194 3479 ut

228 3511 367 3570 modestia
380 3512 417 3570 sit
430 3510 545 3570 scientia
558 3529 655 3567 earum
666 3528 770 3579 rerum,
781 3531 847 3588 quae
858 3518 980 3589 agentur
992 3517 1044 3567 aut
1054 3511 1192 3579 dicentur,

196 3600 292 3660 tloco
312 3621 364 3659 suo
387 3593 643 3659 collocandamm.'
665 3600 712 3657 Ita
731 3601 845 3658 videtur
863 3599 964 3658 eadem
978 3600 1020 3657 vis
1041 3600 1145 3658 ordinis
1163 3607 1194 3659 et

228 3691 419 3756 collocationis
440 3691 510 3760 lore,
551 3691 627 3748 Nam
648 3695 679 3748 et
697 3691 825 3748 ordinem
839 3689 879 3747 sic
893 3689 1040 3756 deliniunt,
1054 3693 1193 3766 composi·
