2692 4292
126 311 184 371 lot
540 325 578 364 or
599 325 727 366 orrrous

175 457 215 517 its
228 455 264 514 de
284 455 405 514 utilitate
418 454 529 522 dieitur,
544 459 577 512 ut
596 453 634 522 id,
649 453 727 531 quod
740 453 811 512 utile
823 453 962 522 videetur,
975 471 1032 512 nou
1051 453 1141 512 modo

175 548 268 605 fecere
282 547 432 604 honestum
446 545 491 610 sit,
507 543 558 601 sed
573 544 668 611 etism,
682 563 741 600 uou
752 543 855 611 facere,
869 552 963 621 turpe.
1007 545 1081 601 Hmc
1094 551 1141 602 est

175 635 230 702 ills,
247 655 312 713 quoe
327 635 439 692 videtur
458 633 572 691 utilium
591 633 651 690 fieri
671 653 737 690 cum
750 634 876 691 honestis
899 652 977 709 saepe
991 633 1138 692 dissensio.

124 729 161 782 10
176 727 246 794 Qus
261 723 442 801 dijudicanda
455 729 530 780 suut
573 723 640 779 Non
662 723 747 789 enim,
769 731 803 780 ut
823 741 1029 800 quaereremus,
1048 742 1139 800 expo·

124 819 159 872 11
175 813 290 879 suimus,
312 812 363 871 sed
381 819 414 869 ut
435 812 649 888 explicaremus.
691 813 758 869 Nou
777 812 865 890 igitur
880 813 993 870 videtur
1006 831 1059 870 nec
1078 813 1141 870 fru-

174 903 328 960 mentarius
350 902 396 960 ille
411 901 548 967 Rhodios,
564 919 615 958 neo
637 901 683 959 hic
706 901 811 958 aedium
824 901 954 959 venditor
967 902 1058 959 celere
1081 921 1139 960 em-

175 999 271 1069 ptores
280 991 419 1049 debuisse.
441 990 543 1067 Neque
553 989 628 1048 enim
641 990 670 1046 id
682 998 728 1048 est
738 991 839 1057 celare,
854 989 988 1067 quioquid
1001 992 1139 1048 reticeas:

174 1080 225 1138 sed
239 1101 314 1147 oum,
329 1080 406 1157 quod
427 1087 460 1137 tu
480 1079 560 1146 scias,
575 1079 604 1136 id
624 1079 757 1157 ignorare
779 1080 966 1138 emolumenti
988 1080 1032 1138 tui
1053 1098 1141 1138 couss

123 1175 160 1228 12
175 1170 242 1227 velis
256 1189 312 1236 eos,
325 1187 447 1244 quorum
459 1169 567 1226 intersit
580 1167 609 1226 id
623 1169 705 1228 scire.
739 1170 804 1227 Hoc
816 1178 914 1228 autem
928 1168 1038 1227 celandi
1047 1187 1140 1247 genus

173 1259 257 1334 quale
271 1259 314 1324 sit,
330 1265 359 1315 et
373 1257 454 1334 cujus
469 1257 597 1324 hominis,
609 1258 671 1334 quis
685 1277 743 1316 non
752 1259 850 1318 ridet?
873 1259 959 1316 Certe
968 1277 1026 1316 uon
1036 1259 1139 1335 aperti,

173 1365 230 1404 uon
243 1347 385 1424 simplicis,
400 1365 457 1404 uon
475 1347 599 1424 ingenui,
614 1366 671 1404 uon
689 1349 768 1426 justi,
783 1368 840 1406 uon
853 1348 905 1408 viri
925 1349 1009 1407 boui:
1032 1348 1141 1407 versuti

174 1435 278 1514 potius,
298 1437 419 1503 obscuri,
434 1437 531 1502 astuti,
552 1436 669 1504 fallacis,
690 1438 829 1504 malitiosi,
844 1437 945 1506 callidi,
960 1438 1138 1505 veteratoris,

173 1525 251 1584 vafri.
294 1525 365 1583 Haec
385 1533 437 1593 tot,
460 1525 564 1584 etalio
585 1526 677 1604 pluro,
700 1545 792 1584 noune
812 1527 910 1586 inutile
935 1534 981 1584 est
1004 1527 1141 1586 vitiorum

174 1615 267 1674 subire
281 1615 419 1674 nomine?

213 1791 295 1850 XIV.
317 1792 425 1861 Quodsi
436 1793 622 1870 vituperandi,
630 1794 679 1870 qui
687 1793 868 1860 reticuerunt,
876 1793 944 1870 quid
954 1793 991 1850 de
1001 1792 1034 1850 iis
1044 1792 1140 1850 existi·

173 1882 310 1938 mendum
330 1891 381 1947 est,
401 1883 450 1957 qui
471 1881 667 1940 orationis
689 1883 901 1940 vanitatem
923 1883 1139 1941 adhibuerunt?

141 1976 159 2030 2
175 1969 207 2026 0.
226 1969 338 2034 Oenius,
354 1989 440 2046 eques
456 1971 610 2039 Romanus,
625 1991 677 2030 uec
690 1971 837 2039 infacetus,
851 1977 881 2029 et
896 1973 966 2030 satis
987 1972 1138 2040 litteratus,

174 2077 239 2116 oum
253 2075 283 2114 se
298 2058 455 2134 Syracusas
469 2060 582 2127 otiandi,
597 2069 630 2118 ut
650 2062 712 2138 ipse
731 2061 826 2118 dicere
844 2061 964 2128 solebat,
978 2080 1037 2118 non
1050 2080 1139 2138 nego·

174 2145 261 2204 tiandi
275 2165 368 2213 causa,
378 2149 551 2217 contudisset,
562 2149 718 2216 dictitabat,
730 2167 763 2207 se
776 2150 908 2207 hortulos
921 2151 1030 2226 sliquos
1043 2169 1141 2208 emere

173 2235 253 2301 velie,
268 2254 326 2311 quo
345 2236 463 2294 invitare
485 2239 599 2306 amicos,
615 2247 644 2297 et
659 2239 708 2296 ubi
721 2258 753 2296 se
766 2240 909 2296 oblectare
922 2239 981 2296 sine
1001 2239 1134 2316 interpel-

140 2331 158 2384 8
172 2325 308 2382 latoribus
328 2333 433 2403 posset,
474 2327 558 2396 Quod
573 2348 637 2386 oum
652 2329 882 2404 percrebruisset,
897 2328 1022 2404 Pythius
1035 2328 1061 2384 ei
1075 2329 1138 2404 qui·

173 2414 247 2481 dam,
264 2416 312 2492 qui
330 2416 517 2494 argentariam
537 2416 644 2473 iaceret
666 2417 823 2493 Symcusis,
837 2417 950 2474 venales
970 2416 1086 2493 quidem
1105 2437 1138 2476 se

172 2504 270 2561 hortos
284 2525 340 2562 nou
353 2507 467 2572 babere,
483 2505 534 2562 sed
554 2506 637 2563 licere
651 2506 695 2562 uti
709 2506 806 2572 Gauio,
821 2506 845 2562 si
858 2505 952 2571 vellet,
967 2512 1000 2563 ut
1013 2506 1087 2562 suis:
1107 2513 1138 2564 et

173 2593 256 2650 simul
277 2595 314 2652 ad
336 2613 448 2653 coenem
468 2595 610 2652 hominem
631 2594 659 2651 in
681 2596 779 2652 hortos
793 2594 920 2652 invitavit
939 2595 969 2651 io
988 2602 1137 2670 posterum

140 2687 159 2740 4
173 2683 256 2740 diem.
299 2685 371 2740 Cum
394 2685 439 2743 ille
461 2685 643 2760 promisisset,
658 2692 721 2741 tum
734 2685 865 2760 Pythius,
880 2683 929 2759 qui
947 2690 1030 2748 esset,
1046 2690 1079 2740 ut
1091 2703 1136 2740 ar-

172 2773 325 2849 gentarius,
341 2772 418 2849 apud
440 2793 538 2830 omues
562 2773 675 2830 ordines
697 2773 852 2850 gratiosus,
874 2773 1028 2850 piscatores
1047 2771 1084 2828 ad
1104 2791 1136 2830 se

173 2861 345 2928 convocavit,
362 2869 391 2919 et
405 2863 442 2920 sb
456 2863 499 2918 his
514 2863 621 2938 petivit,
636 2870 669 2919 ut
683 2869 749 2919 ante
763 2881 830 2919 suos
849 2862 979 2920 hortulos
999 2861 1135 2937 postridie

141 2950 364 3026 tpisoarentur:
387 2950 521 3025 dixitque,
543 2951 610 3026 quid
633 2969 682 3008 eos
701 2951 796 3008 fecere
816 2950 910 3008 vellet
951 2951 1003 3008 Ad
1022 2969 1136 3008 coenam

172 3045 301 3114 tempore
314 3039 390 3094 veuit
405 3039 525 3094 Canius:
547 3040 664 3116 opipare
685 3059 703 3096 a
724 3039 830 3116 Pythio
851 3048 1021 3116 apparatum
1041 3039 1135 3096 convi-

173 3126 264 3185 vium:
280 3127 445 3201 cymbarum
454 3134 519 3184 sote
528 3129 625 3186 oculos
633 3129 803 3188 multitudo:
819 3148 911 3205 prose
940 3129 1047 3204 uisque,
1056 3127 1136 3204 quod

172 3222 296 3292 ceperat,
320 3215 472 3273 efferebat:
494 3225 560 3275 ente
581 3219 670 3295 pedes
689 3219 787 3295 Pythii
807 3219 900 3294 pisces
920 3237 938 3274 e
957 3218 1134 3294 jiciebautur.

121 3324 123 3327 ’
141 3312 158 3364 6
172 3307 245 3362 Turn
260 3304 371 3370 Oenius,
388 3306 499 3374 Quaeso,
514 3307 612 3382 inquit,
628 3308 697 3384 quid
711 3315 756 3364 est
774 3308 838 3372 hoo,
852 3307 963 3382 Pythi?
985 3313 1134 3373 tantumne

173 3397 299 3473 piscium,
308 3403 454 3453 tantumne
463 3396 651 3472 cymbarum?
680 3395 1000 3464 Etille,Quidmirum‘?
1027 3395 1134 3470 inquit;

172 3487 227 3544 hoo
248 3489 312 3546 loco
333 3493 385 3553 est,
401 3485 549 3562 Syracusis
564 3485 698 3560 quicquid
719 3494 763 3542 est
785 3471 920 3562 piscium:
943 3484 1134 3559 hiosaquatio:

173 3575 227 3633 hoo
236 3577 301 3642 villa
313 3577 358 3634 isti
369 3593 464 3633 carere
477 3594 534 3632 non
548 3579 675 3649 possunt.
716 3575 852 3632 Incensus
863 3573 968 3632 Oenius
979 3572 1136 3649 cupiditate

142 3663 348 3724 'leontendite
361 3665 476 3742 Pythio,
491 3671 524 3722 ut
537 3662 682 3721 venderet.
724 3664 850 3722 (iterate
862 3663 910 3722 ille
923 3663 1023 3740 primo.
1058 3660 1136 3732 Quid
