2692 4292
528 317 612 356 usna
625 317 656 358 11.
697 317 764 356 osr.
780 317 822 356 111.
1141 303 1180 358 69

164 444 241 521 quid
249 451 391 521 sequatur.
433 445 506 514 Quae
518 445 591 502 enim
605 453 682 503 esset
698 445 753 502 ista
765 463 853 511 meus,
868 445 913 502 vel
925 462 992 520 qnae
1004 442 1063 502 vita
1076 463 1126 522 po
1141 449 1178 503 12
1194 511 1203 527 ·

166 535 232 600 tius,
243 533 395 592 non'modo
405 533 576 610 disputandi,
587 534 638 591 sed
649 535 734 592 etiam
745 534 857 591 vivendi
869 535 976 591 ratione
989 534 1126 590 sublata?

165 623 196 680 N
197 641 228 679 cs
249 630 353 688 autem,
368 631 402 679 ut
422 623 507 680 ceteri
527 623 581 680 alia
601 631 689 689 certa,
703 623 757 680 aliu
770 622 876 682 incerta
889 641 952 680 esse
964 623 1071 688 dicunt,
1086 623 1125 679 sic
1142 628 1178 681 la

164 712 203 768 ab
212 711 255 768 his
266 711 470 777 dissentientes,
482 712 535 768 alia
546 712 712 788 probabilia,
723 719 821 769 contra
831 712 886 770 alia
895 711 1022 769 dicimus.
1051 711 1127 780 Quid
1142 714 1179 768 14

164 807 211 858 est
224 800 317 876 igitur,
329 800 406 876 qnod
420 818 466 856 me
480 799 625 876 impediat,
637 819 671 856 ea
685 819 750 876 quaa
763 801 919 877 probabilia
931 800 1000 856 mihi
1013 799 1127 858 videan-

164 895 221 954 tur,
236 888 338 964 sequi?
358 907 424 965 quae
445 895 551 954 contra,
566 889 746 965 improbare;
766 896 853 964 atque
874 888 1031 946 affirmandi
1050 907 1126 946 arro·

164 977 291 1054 gantiam
304 977 448 1043 vitantem',
461 977 562 1054 fugere
575 977 774 1044 temeritatem,
788 995 854 1054 quae
866 996 885 1034 a
897 977 1035 1054 sapientia
1046 977 1126 1035 dissi·

164 1067 217 1124 det
237 1065 413 1142 plurimum?
455 1065 562 1123 Contra
582 1074 678 1124 autem
698 1067 792 1123 omnia
805 1067 967 1144 disputatur
984 1084 1003 1122 a
1016 1065 1178 1134 nostris,15

164 1155 244 1231 quod
257 1156 311 1212 hoc
324 1155 417 1231 ipsum
431 1155 576 1231 probabile
590 1155 701 1214 elucere
714 1175 771 1212 non
783 1157 881 1233 possit,
892 1155 945 1212 nisi
957 1173 993 1212 ex
1006 1161 1128 1231 ubsque

165 1251 248 1321 parte
267 1262 413 1302 comarum
432 1251 507 1302 esset
524 1244 603 1302 iacta
623 1245 772 1302 contentio.
813 1245 871 1303 Sed
894 1245 957 1302 baec
976 1245 1128 1321 explanata
1142 1248 1179 1301 16

164 1341 233 1392 sunt
246 1333 273 1390 in
286 1332 465 1390 Academicis
479 1333 581 1390 nostris
594 1333 670 1400 satis,
685 1341 719 1391 nt
731 1334 860 1400 arbitror,
874 1334 1030 1411 diligenter.
1065 1333 1128 1392 Tibi
1143 1333 1179 1392 li

164 1429 270 1488 antem,
286 1423 324 1479 mi
338 1422 445 1488 Cicero,
461 1441 634 1499 quamquam
647 1423 676 1480 in
688 1423 884 1499 antiquissima
900 1422 1128 1498 nobilissimaque

165 1511 353 1590 philosophia,
380 1511 518 1588 Cratippo
545 1518 669 1577 auctore,
695 1512 824 1577 versaris,
848 1511 881 1568 iis
908 1509 1055 1578 simillimo,
1079 1511 1129 1587 qui

164 1601 220 1658 ista
235 1600 371 1676 praeclara
385 1606 556 1676 pepererunt
567 1619 574 1665 ;
589 1606 685 1658 tamen
698 1600 762 1657 haec
772 1607 878 1666 nostra,
889 1599 1006 1656 linitinm
1018 1599 1127 1668 vesum.

165 1690 264 1768 ignota
277 1707 339 1746 esse
351 1689 437 1746 nolui.
479 1687 537 1746 sed
549 1689 610 1766 jam
623 1689 661 1746 ad
676 1689 805 1746 instituta
817 1707 981 1766 pergamus.

206 1869 262 1925 ΙΙΙ.
279 1867 408 1943 Quinque
418 1867 505 1944 igitur
515 1866 669 1924 rationibus
680 1866 831 1945 propositis
840 1866 923 1925 officii
932 1866 1127 1944 persequendi,

164 1976 286 2033 quarum
292 1957 358 2014 duae
366 1956 496 2014 addecus
504 1956 738 2033 honestatemque
746 1957 927 2033 pertinerent,
934 1956 1001 2013 dure
1008 1956 1128 2014 edeam·

165 2046 252 2104 moda
265 2046 338 2114 vitae,
356 2045 459 2123 copias,
475 2063 553 2122 opes,
567 2046 729 2114 facultates,
743 2047 842 2123 quinta
855 2046 893 2106 ad
911 2045 1034 2123 eligendi
1051 2045 1127 2123 judi-

166 2135 250 2202 cium,
272 2136 295 2192 si
314 2135 427 2211 quando
448 2153 490 2202 ea,
506 2153 571 2212 quas
589 2135 655 2203 dixi,
671 2155 801 2213 pugnare
818 2135 893 2193 inter
904 2153 936 2192 sc
949 2135 1128 2193 viderentur:

166 2224 323 2282 honestatis
336 2243 402 2301 pars
413 2225 542 2282 confecta
552 2232 604 2290 est,
615 2243 703 2300 quam
713 2224 827 2301 quidem
841 2225 893 2282 tibi
905 2224 1066 2300 cupieresse
1078 2241 1128 2280 ao-

166 2313 312 2371 tissimam.
353 2313 417 2370 Hoc
437 2319 542 2379 autem,
558 2313 595 2370 de
608 2331 666 2389 quc
684 2332 759 2370 nunc
778 2314 898 2391 agimus,
912 2313 942 2368 id
961 2313 1056 2390 ipsum
1074 2317 1161 2378 esta

166 2402 245 2478 qnod
266 2402 352 2460 utile
373 2402 541 2479 appellatur.
583 2402 617 2458 ln
638 2421 697 2478 quc
716 2403 798 2477 lapsa
818 2401 995 2458 consuetudo
1013 2400 1160 2458 deflexit8

167 2491 205 2548 de
223 2491 276 2558 via,
294 2491 453 2568 sensimque
473 2509 507 2548 eo
528 2489 653 2548 deducta
673 2497 725 2557 est,
746 2497 780 2547 ut
799 2491 977 2546 honestatem
997 2489 1034 2544 ab
1054 2488 1127 2546 utili-

167 2587 227 2636 tate
242 2599 388 2638 secernens
403 2580 593 2645 constitueret,
606 2597 668 2636 esse
681 2579 832 2636 honestum
845 2577 958 2654 aliquid,
969 2576 1047 2653 quod
1060 2576 1130 2635 utile

167 2688 225 2726 ncn
238 2676 321 2736 esset,
336 2676 365 2726 et
385 2669 462 2736 utile,
476 2668 555 2745 quod
567 2687 625 2726 non
643 2669 810 2726 honestum:
831 2685 889 2744 qna
901 2666 980 2724 nulla
993 2665 1130 2743 pernicies

168 2758 259 2836 major
272 2758 418 2816 hominum
431 2759 497 2816 vitae
511 2757 604 2835 potuit
617 2757 718 2814 afferri.
753 2757 871 2814 Summa
881 2756 996 2833 quidem
1008 2755 1128 2814 auctori·
1142 2760 1161 2813 4

167 2854 231 2926 tate
252 2847 423 2924 philosophi,
438 2867 534 2906 severe
555 2866 622 2904 sane
639 2855 728 2923 atque
740 2847 867 2912 honeste,
883 2847 945 2903 haec
959 2846 1013 2902 tria
1025 2862 1130 2923 genera

169 2937 294 3001 confusa,
310 2936 479 3014 cogitatione
493 2937 679 3014 distinguunt.
720 2935 861 3011 Quicquid
874 2935 947 2993 enim
960 2935 1070 3012 justum
1082 2934 1127 3002 sit,
1143 2943 1161 2995 5

169 3024 294 3084 idatium
303 3026 371 3083 utile
382 3043 443 3082 esse
453 3032 583 3083 censent:
605 3026 728 3102 itemque
738 3024 815 3101 quod
826 3025 983 3090 honestum,
994 3024 1071 3082 idem
1081 3024 1127 3101 ju-

170 3122 253 3172 stum.
295 3115 340 3172 Ex
354 3133 412 3190 quc
425 3115 552 3182 efficitur,
567 3122 608 3182 ut,
623 3113 756 3191 quicquid
776 3115 927 3171 honestum
946 3113 994 3192 sit,
1005 3113 1080 3171 idem
1092 3112 1130 3170 sit

169 3204 246 3262 utile.
288 3203 371 3273 Quod
385 3204 434 3279 qui
452 3222 552 3280 parurn
567 3204 749 3281 perspiciunt,
763 3202 794 3260 hi
806 3221 884 3279 saepe
896 3209 1026 3260 versutos
1039 3201 1128 3260 homi·
1142 3205 1162 3258 6

169 3311 220 3350 nes
243 3300 273 3351 et
295 3292 410 3351 callidos
433 3292 613 3359 admirantes,
638 3292 774 3350 malitiam
800 3292 967 3368 sapientiam
990 3290 1128 3368 judicant

170 3383 298 3452 Quorum
312 3401 390 3440 error
403 3381 562 3458 eripiendus
576 3388 628 3451 est,
645 3382 796 3458 opinioque
815 3382 906 3438 omnis
919 3380 957 3437 ad
971 3397 1034 3436 eam
1048 3395 1129 3453 spem
1144 3375 1160 3434 'l

169 3472 354 3540 traducenda,
368 3477 402 3529 ut
420 3470 545 3528 honestis
559 3471 680 3529 consiliis
698 3469 840 3548 justisque
853 3469 944 3535 iactis,
957 3486 1015 3525 non
1028 3465 1130 3522 fraude

170 3567 200 3620 et
213 3561 326 3627 malitia,
341 3579 372 3618 se
385 3560 543 3638 intelligant
555 3578 597 3625 ea,
613 3579 679 3636 qnae
691 3560 788 3625 velint,
803 3557 937 3632 consequi
950 3572 1042 3632 possa

211 3650 283 3720 Quas
305 3669 374 3729 ergo
393 3649 432 3708 ad
450 3650 539 3708 vitam
561 3649 708 3706 hominnm
731 3646 870 3706 tuendam
891 3641 1041 3722 pertinent,
1063 3647 1163 3721 par-8
