2692 4292
659 241 678 277 ο

163 327 200 382 12
576 339 614 380 na
635 337 762 380 orrrons

212 469 390 528 nobilitatum
417 487 473 526 non
500 469 544 536 sit,
567 477 662 528 tamen
689 468 840 524 honestum
864 474 925 534 est;
954 468 1090 546 quodque
1108 488 1178 530 vere

212 559 340 628 dicimus,
356 559 465 618 etiamsi
480 579 497 616 a
510 559 589 617 nullo
603 558 744 624 laudetur,
758 564 860 614 natura
873 576 936 615 esse
949 559 1099 618 laudabile.

251 739 288 798 V.
310 739 442 796 Formam
456 737 571 814 quidem
585 737 685 814 ipsam,
700 736 797 795 Marce
811 736 901 803 ilict
914 743 1060 815 tamquam
1073 739 1177 797 faciem

121 817 124 824 ⁴
211 827 322 886 honesti
342 828 437 885 vides:
459 847 534 904 quac,
557 825 580 884 si
600 827 689 884 oculis
708 835 880 894 cerneretur,
894 827 1034 886 mirabiles
1054 846 1175 896 amores,

155 913 245 974 v2ut
271 918 311 975 ait
337 917 430 984 Plato,
455 916 592 974 excitaret
619 915 776 993 sapientia.
817 915 875 973 Sed
900 934 993 985 omne,
1020 918 1098 995 quod
1131 924 1177 975 est

211 1005 370 1072 honestum,
385 1006 415 1063 id
435 1013 570 1083 quattuor
584 1006 707 1082 partium
720 1005 809 1062 oritur
827 1024 864 1063 ex
883 1006 984 1083 aliqua
1025 1008 1089 1064 Aut
1101 1006 1177 1064 enim

211 1093 240 1150 in
260 1095 458 1172 perspicientia
478 1095 536 1152 veri
556 1094 737 1170 sollertiaque
756 1103 901 1152 versatur:
922 1096 1015 1154 autin
1028 1097 1177 1154 hominum

211 1185 344 1242 societate
365 1184 479 1250 tuenda,
495 1184 703 1260 tribuendoque
722 1203 807 1241 suum
826 1185 936 1261 cuique,
951 1193 981 1242 et
993 1205 1088 1244 rerum
1109 1205 1175 1244 con-

211 1280 367 1330 tractarum
381 1272 452 1330 fide:
474 1273 567 1330 autin
587 1272 672 1330 animi
686 1274 790 1331 excelsi
810 1282 897 1351 atque
916 1274 1012 1332 invicti
1033 1275 1175 1354 magnitu-

211 1362 276 1420 dine
295 1381 329 1420 ac
343 1362 460 1420 robore:
481 1362 573 1419 autin
587 1363 720 1429 omnium,
735 1382 800 1440 quae
812 1363 885 1420 fiunt
898 1383 1020 1441 quicque
1033 1364 1175 1434 dicuntur,

178 1459 196 1510 8
211 1451 307 1510 ordine
322 1458 351 1509 et
363 1451 459 1519 modo,
470 1451 498 1508 in
512 1471 568 1528 quo
582 1451 653 1510 inest
666 1453 848 1512 modestiaet
867 1453 1063 1530 temperantia
1104 1455 1175 1522 Qua

210 1549 345 1620 quattuor
366 1559 539 1618 quamquam
553 1542 626 1600 inter
639 1561 670 1600 se
685 1543 820 1620 colligata
839 1552 926 1618 atque
939 1543 1084 1619 implicata
1097 1550 1174 1611 sunt,

211 1638 306 1690 tamen
320 1651 355 1689 ex
369 1631 485 1710 singulis
500 1638 577 1688 certa
591 1629 746 1688 officiorum
766 1649 871 1708 genera
884 1639 1045 1690 nascuntur.
1086 1631 1175 1690 Velut

212 1739 249 1778 ex
269 1741 302 1780 ea
318 1728 408 1798 parte,
424 1741 488 1797 quae
504 1720 595 1797 prima
615 1718 759 1797 descripta
776 1726 830 1786 est,
843 1720 872 1776 in
890 1739 948 1796 qua
966 1721 1131 1798 sapientiam
1145 1728 1175 1779 et

212 1810 391 1887 prudentiam
418 1810 557 1886 ponimus,
578 1809 651 1866 inest
675 1808 820 1887 indagatio
843 1817 930 1886 atque
955 1809 1079 1868 inventio
1099 1811 1175 1878 veri,

177 1904 197 1958 4
211 1901 329 1977 ejusque
343 1899 453 1956 virtutis
467 1899 521 1956 hoc
535 1918 638 1956 munus
653 1906 698 1956 est
711 1898 865 1975 proprium.
906 1899 949 1956 Ut
968 1899 1044 1956 enim
1057 1900 1176 1977 quisque

210 1989 330 2049 maxime
351 1987 494 2064 perspicit,
509 1987 577 2064 quid
598 1987 627 2044 in
640 2006 671 2045 re
691 2007 804 2064 quaque
822 1987 998 2046 verissimum
1011 1989 1056 2056 sit,
1071 1989 1176 2066 quique

210 2078 369 2136 acutissime
380 2084 409 2134 et
418 2077 560 2135 celerrime
571 2084 668 2155 potest
680 2085 710 2135 et
723 2077 820 2136 videre
830 2087 859 2136 et
870 2079 1010 2155 explicare
1020 2079 1175 2148 rationem3

178 2168 233 2228 bis
254 2166 487 2245 prudentissimus
501 2176 531 2225 et
544 2168 768 2245 sapientissimus
782 2168 836 2226 rite
855 2168 955 2228 baberi
974 2170 1055 2230 solet
1097 2171 1175 2240 Quo-

210 2257 283 2315 circa
303 2257 376 2324 huic,
397 2256 476 2334 quasi
495 2258 621 2326 materia,
636 2278 723 2335 quam
745 2265 848 2316 tractet
867 2259 945 2316 etin
964 2279 1021 2337 qua
1038 2269 1175 2330 versetur,

211 2347 340 2424 subjecta
353 2353 398 2405 est
410 2347 521 2406 veritas.
556 2348 683 2425 Reliquis
696 2356 794 2406 autem
807 2348 898 2406 tribus
911 2349 1066 2408 virtutibus
1079 2370 1174 2409 neces-

210 2437 306 2494 sitates
327 2435 480 2515 propositae
502 2437 620 2496 suntad
635 2457 683 2496 eas
697 2456 742 2495 res
754 2437 897 2515 parandas
911 2437 1096 2515 tuendasque,
1111 2440 1173 2516 qui-

210 2527 264 2585 bus
278 2527 352 2585 actio
366 2527 433 2584 vitae
458 2527 633 2595 continetur;
654 2535 688 2585 ut
701 2537 732 2584 et
745 2527 867 2584 societas
881 2527 1027 2586 hominum
1041 2529 1174 2605 conjunc·

210 2617 306 2694 ticque
320 2623 464 2684 servetur;
487 2624 517 2674 et
537 2617 620 2674 animi
634 2616 800 2676 excellentia
820 2616 1053 2695 magnitudoque,
1068 2636 1133 2675 cum
1146 2617 1175 2676 in

211 2707 348 2785 augendis
369 2707 470 2784 opibus
484 2708 709 2784 utilitatibusque
729 2716 759 2764 et
767 2695 827 2764 ‘sibi
847 2713 877 2763 ct
896 2706 953 2764 suis
967 2708 1174 2784 comparandis,

178 2802 273 2855 btum
292 2795 381 2853 multo
402 2795 492 2874 magis
511 2796 539 2852 in
559 2796 603 2854 his
624 2797 692 2874 ipsis
716 2795 912 2873 despiciendis,
933 2795 1052 2854 eluceat.
1094 2797 1184 2855 Ordo

211 2893 314 2952 autem,
330 2893 359 2942 et
373 2886 536 2953 constantia,
552 2893 581 2944 et
594 2886 759 2953 moderatio,
774 2893 804 2943 et
814 2903 857 2951 ea,
871 2899 936 2962 quae
951 2893 1018 2942 sunt
1042 2885 1086 2943 his
1100 2887 1174 2944 simi-

210 2975 257 3041 lia,
277 2980 425 3032 versantur
453 2974 481 3032 in
501 2995 535 3033 co
562 2995 675 3054 genere,
696 2976 734 3033 ad
757 2974 835 3052 quod
855 2981 899 3031 est
918 2974 1080 3033 adhibenda
1099 2977 1175 3034 actio

210 3063 354 3142 quaedam,
368 3082 424 3121 non
444 3065 537 3122 solum
550 3067 651 3124 mentis
665 3066 790 3144 agitatio.
832 3063 886 3122 His
907 3063 981 3122 enim
1000 3065 1095 3134 rebus,
1109 3083 1175 3142 quae

211 3160 369 3212 tractantur
387 3154 417 3212 in
436 3155 501 3223 vita,
517 3157 635 3215 modum
655 3156 799 3234 quendam
811 3161 842 3213 et
854 3154 982 3214 ordinem
996 3154 1173 3225 adhibentes,

210 3244 387 3306 honestatem
402 3251 431 3302 et
445 3245 532 3304 decus
546 3246 781 3306 conservabimus.

102 3395 191 3458 ’Ἀ
250 3423 304 3483 VI.
318 3423 362 3482 Ex
372 3430 508 3502 quattuor
520 3431 616 3482 autem
625 3423 704 3492 locis,
718 3423 747 3481 in
756 3441 828 3500 quos
838 3421 949 3480 honesti
962 3429 1094 3482 naturam
1105 3424 1175 3482 vim-
1237 3463 1243 3469 -

210 3532 267 3589 que
287 3513 441 3578 divisimus,
456 3513 565 3590 primus
585 3513 640 3579 illc,
656 3513 704 3590 qui
721 3513 751 3570 in
769 3512 846 3570 veri
876 3512 1087 3589 cognitione
1109 3532 1174 3571 con-

179 3601 292 3668 asistia
317 3602 439 3660 maxime
460 3609 591 3660 naturam
614 3602 730 3680 attingit
751 3602 915 3660 humanam.
969 3601 1075 3660 Omnes
1099 3603 1175 3660 enim

211 3691 351 3750 trahimur
364 3698 394 3752 et
406 3691 537 3754 ducimur
550 3692 587 3752 ad
602 3692 768 3772 cognitionis
782 3698 815 3752 et
832 3690 955 3750 scientie
979 3691 1174 3769 cupiditatem,
