2692 4292
447 323 452 334 .
554 303 639 342 arena
652 305 671 344 1.
714 304 781 344 ose.
796 306 874 348 mv.
1160 293 1201 350 6⁸

221 441 328 502 XLIV.
350 443 450 518 Atque
468 441 516 510 illi,
530 461 652 519 quorum
673 444 768 502 studia
781 445 896 522 vitaque
909 444 1000 503 omnis
1012 443 1042 502 in
1054 463 1150 504 rerum

181 532 342 610 cognitione
356 539 469 590 versata
482 540 534 599 est,
550 540 646 590 tamen
659 533 697 591 ab
711 534 849 612 augendis
863 534 1009 592 hominum
1022 534 1148 592 utilitati-

181 621 236 679 bus
247 630 276 680 et
290 622 445 680 commodis
458 641 515 680 non
527 629 713 681 recesserunt
748 624 824 680 Nam
837 630 867 681 et
880 624 1063 682 erudivenmt
1075 624 1148 682 mul·
1163 631 1181 682 2

180 701 236 777 ιοέ,
247 731 305 786 quo
318 713 448 770 meliores
459 712 534 770 cives
547 712 728 789 utilioresque
738 713 823 770 rebus
833 713 892 771 suis
906 713 1026 791 publicis
1035 720 1146 772 essem:

180 807 215 856 ut
228 801 396 858 Thebanum
410 801 637 878 Epaminondam
651 802 734 878 Lysis
744 802 954 880 Pythagoreus,
966 802 1149 880 Symensiun

180 890 303 948 Dionem
325 891 409 948 Plato
432 891 570 967 multique
594 891 715 948 multos:
744 910 853 968 nosque
873 891 934 968 ipsi,
956 892 1089 968 quicquid
1109 891 1148 950 ad

179 998 242 1038 rem
257 980 401 1056 publicam
414 980 570 1047 attulimus,
586 980 610 1037 si
623 980 710 1038 modo
723 981 831 1058 aliquid
848 981 1004 1048 attulimus,
1018 1000 1037 1038 a
1050 981 1149 1040 docto·

179 1070 259 1130 ribus
276 1077 362 1147 atque
375 1070 505 1128 doctriua
524 1069 655 1132 instructi
668 1070 706 1128 ad
723 1088 788 1128 eam
807 1077 838 1128 et
857 1070 949 1128 ornati
967 1071 1147 1130 accessimus.

179 1159 283 1236 Neque
305 1161 398 1236 solum
418 1159 473 1218 vivi
493 1167 579 1236 atque
603 1167 759 1238 praesentes
778 1159 920 1218 studiosos
941 1160 1069 1220 discendi
1082 1167 1179 1220 eru-8

178 1249 262 1307 diunt
275 1257 360 1326 atque
374 1249 486 1317 docent,
500 1251 552 1308 sed
572 1253 626 1310 hoc
641 1252 719 1309 idem
732 1250 818 1307 etiam
833 1259 900 1328 post
912 1258 1034 1309 mortem
1045 1271 1147 1310 monu-

178 1339 281 1398 mentis
296 1339 453 1401 litterarum
466 1349 670 1417 assequuntur:
692 1359 744 1398 nec
754 1340 829 1398 enim
842 1342 922 1398 locus
936 1341 1011 1398 ullus
1029 1345 1181 1418 praeter-4

54 1485 68 1506 „
178 1429 282 1486 missus
304 1436 349 1486 est
368 1429 404 1486 ab
425 1428 466 1496 iis,
482 1430 531 1506 qui
550 1430 588 1488 ad
608 1431 698 1508 leges,
714 1430 763 1506 qni
776 1429 813 1486 ad
831 1449 935 1497 mores,
950 1431 1000 1507 qui
1012 1432 1051 1489 ad
1064 1432 1146 1490 disci·

178 1519 286 1596 plinam
306 1519 347 1576 rei
367 1519 490 1594 publicae
510 1520 681 1596 pertineret:
703 1527 737 1576 ut
757 1519 847 1576 otium
860 1538 945 1576 suum
958 1519 996 1576 cd
1015 1527 1146 1578 nostrum

177 1609 325 1686 negotium
344 1608 497 1667 contulisse
511 1609 668 1667 videantur.
711 1610 758 1666 Ita
772 1608 812 1665 illi
824 1608 878 1684 ipsi
891 1608 1028 1666 doctrinae
1046 1609 1178 1671 studitae

178 1705 210 1756 et
223 1697 366 1774 sapientiae
380 1697 476 1765 dediti,
492 1698 530 1755 ad
543 1699 692 1756 hominum
712 1697 865 1755 utilitatem
885 1716 968 1755 suam
987 1698 1146 1776 intelligen-

178 1787 248 1844 tiam
259 1787 496 1864 prudentiamque
507 1788 685 1864 potissimum
694 1787 850 1846 conlenmt
876 1787 923 1845 Ob
930 1805 1051 1865 eamque
1058 1789 1145 1848 etiam
1159 1795 1178 1849 d

178 1896 295 1936 causam
315 1877 409 1954 eloqui
429 1878 551 1954 copiose,
573 1878 659 1936 modo
681 1877 844 1954 prudenter,
866 1877 967 1935 melius
986 1885 1039 1946 est,
1059 1897 1147 1956 quam

176 1967 225 2024 vel
238 1967 398 2024 acutissime
412 1967 471 2024 sine
485 1967 646 2043 eloquentia
665 1968 792 2044 cogitare
803 1987 810 2034 ;
832 1966 910 2043 qnod
924 1967 1059 2046 cogitatio
1072 1968 1102 2026 in
1114 1987 1147 2028 se

177 2056 241 2134 ipsa
260 2057 387 2124 vert'tur,
407 2057 568 2132 eloquentia
589 2057 790 2133 complectitur
805 2075 865 2123 eos,
879 2056 1049 2134 quibuscum
1069 2077 1145 2116 com-

177 2146 315 2204 munitate
334 2146 426 2223 juncti
447 2165 553 2204 sumus.
595 2146 696 2223 Atque
716 2154 749 2203 ut
767 2145 866 2222 apium
879 2146 1009 2204 examina
1022 2165 1079 2204 non
1092 2148 1143 2204 fin·
1158 2146 1176 2206 ’1

177 2236 336 2314 gendorum
350 2237 479 2293 favorum
493 2254 579 2294 eausa
593 2243 814 2313 congregantur,
829 2234 889 2303 sed,
904 2255 971 2294 cum
988 2255 1144 2314 congrega-

177 2326 244 2384 bilia
257 2333 358 2384 natura
372 2325 436 2391 sint,
451 2325 562 2402 fingunt
576 2325 673 2382 favos:
697 2325 737 2383 sio
751 2325 889 2393 homines,
903 2344 936 2382 ac
953 2325 1045 2382 multo
1058 2325 1145 2390 etiam

176 2415 277 2492 magis,
292 2423 395 2472 natura
415 2414 590 2492 congregati,
606 2415 744 2472 adhibent
757 2413 863 2491 agendi
876 2413 1076 2490 cogitandique
1089 2415 1144 2472 sol-

176 2505 296 2564 lertiam.
340 2506 441 2580 Itaque
463 2504 515 2560 nisi
535 2523 569 2560 ea
587 2505 686 2571 virtus,
706 2523 773 2579 quae
794 2509 906 2560 constat
926 2521 963 2559 ex
984 2502 1177 2562 hominibus8

176 2595 298 2662 tuendis,
313 2594 342 2652 id
364 2601 410 2651 est
430 2611 471 2673 ex·
487 2593 622 2650 societate
642 2593 754 2670 generis
772 2591 897 2657 humani,
911 2591 1035 2669 attingat
1048 2592 1144 2670 cogni·

176 2685 283 2742 tionem
296 2702 400 2749 rerum,
415 2683 543 2762 solivaga
557 2682 680 2760 cognitio
694 2688 723 2738 et
739 2681 838 2758 jejuna
851 2681 999 2747 videatur;
1020 2679 1144 2758 itemque
1158 2689 1176 2742 a

176 2773 343 2851 magnitudo
363 2772 456 2839 animi,
471 2781 581 2829 remota
602 2771 804 2841 communitate
822 2771 1075 2848 conjunctioneque
1089 2773 1142 2830 hu·

175 2881 268 2929 mana,
287 2862 385 2920 feritas
406 2862 443 2919 sit
462 2861 595 2938 quedam
615 2868 645 2918 et
668 2861 834 2920 immanitas.
876 2861 922 2918 lta
941 2862 982 2928 fit,
1002 2862 1194 2923 ntvineat1o

176 2951 343 3030 cognitionis
357 2951 483 3010 studium
498 2951 668 3009 consociatio
686 2951 834 3010 hominum
846 2961 933 3028 atque
946 2952 1142 3012 communitas.

177 3041 239 3100 Nec
253 3061 353 3098 verum
368 3048 421 3108 est,
436 3041 515 3117 quod
530 3041 633 3098 dicitur
652 3041 863 3118 aquibusdam,
883 3049 1003 3118 propter
1021 3042 1142 3100 necessi·

176 3137 264 3188 tatem
279 3131 353 3197 vitae,
368 3131 446 3207 quod
467 3149 509 3198 ea,
525 3149 591 3206 quae
611 3138 715 3188 natura
729 3131 917 3197 desideraret,
933 3132 1068 3209 consequi
1083 3132 1143 3190 sine

176 3220 236 3278 aliis
259 3228 345 3296 atque
368 3221 478 3278 efficere
499 3239 555 3277 non
575 3239 733 3297 possemus,
747 3219 854 3277 idcirco
873 3220 972 3278 initam
993 3239 1055 3279 esse
1075 3241 1143 3279 cum
1230 3260 1234 3269 -

175 3309 336 3367 hominibus
351 3309 583 3368 communitatem
598 3317 627 3366 et
640 3309 806 3366 societatem
814 3329 821 3377 ;
843 3310 928 3386 quod,
944 3309 968 3368 si
986 3309 1080 3367 omnia
1092 3328 1142 3366 no·

175 3398 227 3466 bis,
243 3419 308 3477 quae
328 3400 365 3457 ad
380 3400 487 3456 victum
508 3400 675 3475 cultumque
695 3399 844 3476 pertinent,
866 3400 947 3476 quasi
969 3399 1080 3476 virgula
1101 3397 1142 3453 di·

175 3490 247 3558 vina,
263 3499 296 3548 ut
309 3491 397 3556 aiunt,
412 3488 673 3565 suppeditarentur,
689 3496 752 3546 tum
766 3488 875 3565 optimo
888 3488 1007 3565 quisque
1020 3485 1141 3562 ingenio,

174 3580 295 3657 negotiis
316 3579 446 3637 omnibus
467 3578 585 3646 omissis,
601 3585 695 3635 totum
709 3597 741 3635 se
754 3579 784 3634 in
797 3576 957 3653 cognitione
976 3581 1006 3632 et
1025 3573 1143 3631 scientia

175 3670 334 3729 collocaret.
370 3669 436 3726 Non
450 3675 494 3726 est
506 3667 555 3726 ita.
589 3667 665 3726 Nam
679 3674 710 3725 et
723 3665 902 3725 solitudinem
916 3664 1037 3741 fugeret,
1052 3670 1083 3721 et
1095 3682 1141 3720 so·
1157 3668 1193 3725 ll
