2692 4292
166 285 206 343 54
579 299 618 338 nn
638 297 768 338 omens

219 435 314 486 antem
338 427 472 503 ipsorum,
497 445 563 504 quse
587 426 709 485 honesta
734 433 809 494 eunt,
834 432 931 504 potest
955 426 1081 486 incidere
1104 445 1186 506 sape

220 516 401 576 contentioct
410 516 599 594 comparati03
614 515 651 574 de
660 516 773 574 duobus
781 516 906 574 honestis
916 524 1014 574 utrum
1024 516 1184 575 honestius:

187 607 269 684 iqui
283 607 362 664 locus
375 625 392 662 a
405 605 536 664 Penaetio
549 612 594 662 eet
607 607 822 680 pretermissas.
856 605 932 662 Nam
945 625 1013 664 cum
1025 606 1118 664 omnis
1132 607 1184 665 ho·

218 703 314 754 nestas
335 702 431 752 manet
449 713 466 751 a
485 695 615 771 partibus
629 703 774 770 quattuor,
789 713 911 771 quarum
925 713 983 753 nna
996 696 1034 752 sit
1046 696 1184 773 cognitio·

219 785 270 851 nis,
286 785 375 841 altera
395 783 612 849 communitatis
634 783 717 840 tertia
736 784 981 862 magnanimitatis,
999 792 1103 861 quarta
1121 804 1183 841 mo·

220 873 390 932 dotationis:
411 874 458 930 hae
477 873 506 932 iu
520 871 671 951 deligendo
691 872 782 930 officio
795 891 874 952 saepe
886 873 960 931 inter
972 893 1004 932 se
1017 891 1182 952 comparen-

219 970 268 1021 tur
279 981 395 1021 necesse
410 971 464 1022 est.

187 1057 206 1110 4
259 1053 358 1110 Placet
385 1051 481 1130 igitur,
505 1051 615 1128 aptiora
642 1069 705 1108 esse
730 1058 842 1109 naturae
867 1070 903 1110 ca
928 1051 1028 1120 officia,
1051 1043 1118 1128 'quae
1146 1071 1184 1110 ex

187 1151 206 1203 t
220 1143 429 1208 communitate,
443 1159 529 1216 quam
549 1159 591 1207 ea,
606 1159 672 1216 quae
691 1159 728 1198 ex
746 1141 904 1219 cognitione
917 1139 1076 1198 ducantur:
1096 1139 1183 1218 idque

219 1232 274 1289 hoc
288 1237 457 1307 argumento
471 1230 631 1288 confirmari
651 1238 756 1309 potest,
770 1230 858 1307 quod,
872 1230 897 1288 si
914 1230 1065 1308 eontigerit
1077 1249 1111 1287 ea
1125 1229 1184 1287 vita

219 1319 347 1397 sapienti,
369 1327 402 1376 ut
423 1319 452 1376 in
471 1319 596 1378 omnium
620 1338 717 1378 rerum
735 1320 916 1378 affluentibus
935 1319 1032 1398 copiis,
1054 1319 1184 1396 quamvis

219 1409 321 1476 omnia,
336 1427 401 1486 quae
423 1408 582 1488 cognitione
603 1408 691 1487 digna
709 1409 774 1476 sint,
795 1429 906 1467 summo
926 1409 985 1468 otio
1004 1427 1102 1466 secum
1121 1409 1183 1484 ipee

219 1500 377 1557 consideret
397 1505 427 1557 et
447 1499 670 1576 contempletur:
691 1507 796 1565 tamen,
812 1498 837 1556 si
855 1497 980 1555 solitudo
998 1504 1078 1556 taum
1091 1497 1134 1564 sit,
1149 1503 1184 1554 ut

186 1589 361 1646 thomicem
385 1588 481 1646 videre
504 1605 561 1645 non
583 1587 683 1665 possit,
704 1586 826 1646 excedat
844 1606 862 1644 e
880 1587 947 1644 vita
988 1587 1183 1663 Princepsque

218 1679 344 1740 omnium
366 1677 503 1735 virtutum
522 1677 569 1734 illa
589 1676 735 1754 sapientia,
755 1695 843 1755 quam
856 1677 948 1751 σοφίαν
964 1676 1060 1734 Greci
1079 1681 1183 1734 vocant

218 1767 438 1844 -prudentiam
458 1767 541 1833 enim,
563 1785 649 1844 quam
671 1767 765 1826 Graeci
786 1766 913 1845 egicane,
937 1766 1021 1824 aliam
1040 1765 1183 1842 quandam

159 1870 167 1881 ·
218 1856 409 1932 intelligimus,
424 1873 489 1930 quae
509 1863 554 1913 est
573 1873 668 1914 rerum
682 1856 908 1932 expetendarum
925 1854 1183 1932 fugiendamque

187 1944 352 2010 iscientia3
376 1943 423 2001 illa
442 1952 539 2002 autem
560 1945 708 2021 sapientia,
730 1963 817 2022 quam
837 1944 993 2022 principem
1006 1943 1073 2010 dixi,
1087 1961 1183 2000 rerum

219 2040 263 2091 cst
276 2032 433 2090 divinarum
447 2041 476 2090 et
490 2035 678 2092 humanarum
692 2033 816 2100 scientia,
830 2034 859 2091 in
872 2052 929 2110 qua
942 2032 1102 2090 continetur
1114 2030 1181 2089 deo·

220 2141 284 2180 rum
298 2129 327 2178 et
340 2122 486 2180 hominnm
499 2123 694 2190 communitas,
709 2131 740 2182 et
752 2124 873 2181 societas
885 2123 959 2181 inter
971 2123 1059 2198 ipsos.
1101 2121 1144 2178 Ea
1158 2119 1182 2178 ei

218 2212 340 2269 memma
360 2221 413 2279 cst,
427 2219 461 2270 ut
480 2219 533 2279 cst,
548 2220 624 2270 ccrte
644 2231 760 2270 necesse
780 2219 832 2278 est,
847 2211 925 2288 quod
944 2230 962 2269 a
980 2210 1182 2268 communitate

187 2300 341 2360 8ducatur
360 2302 491 2369 officium,
507 2301 536 2360 id
557 2319 619 2358 esse
639 2301 802 2360 maximum
842 2301 956 2359 Etenim
973 2301 1098 2378 cognitio
1116 2318 1182 2357 con·

220 2391 423 2470 templatioque
443 2399 553 2450 naturae
574 2409 677 2449 manca
689 2389 815 2467 quodam
835 2391 923 2448 modo
943 2398 1031 2466 atque
1050 2390 1182 2449 inchoata

219 2480 264 2547 sit,
280 2482 303 2538 si
316 2484 395 2540 nulla
408 2483 482 2540 actio
495 2500 590 2538 rerum
604 2486 801 2556 consequatur.
836 2479 879 2536 Ida
891 2487 988 2536 antem
1001 2479 1076 2536 actio
1088 2479 1118 2537 in
1131 2479 1181 2535 ho·

219 2570 327 2628 minum
342 2571 495 2630 commodis
508 2569 621 2628 tuendis
635 2569 758 2626 maxime
776 2568 908 2626 cernitur.
949 2569 1078 2626 Pertinet
1096 2568 1182 2646 igitur

187 2659 257 2717 tad
278 2660 440 2717 societatem
460 2660 570 2737 generis
590 2658 715 2716 humaui
755 2657 834 2734 Ergo
853 2657 919 2716 haec
937 2657 1091 2735 cognitioni
1103 2659 1181 2714 ante-

220 2748 351 2823 ponenda
364 2755 415 2805 est.
456 2749 556 2824 Atque
576 2747 605 2805 id
626 2748 751 2825 optimus
763 2746 883 2823 quisque
896 2765 928 2804 re
941 2746 1003 2824 ipsa
1016 2746 1139 2804 ostendit
1152 2752 1183 2804 et

169 2842 206 2895 10
218 2835 335 2912 judicat.
378 2836 448 2904 Quis
461 2837 536 2894 enim
554 2845 598 2894 est
618 2844 678 2894 tam
690 2836 812 2914 cupidus
825 2835 855 2892 iu
868 2835 1063 2913 perspicienda
1077 2853 1181 2912 cogno·

220 2925 380 3002 scendequc
400 2943 496 2982 rerum
514 2934 624 2995 natura,
639 2933 682 2993 ut,
696 2926 721 2984 si
733 2926 759 2984 ci
772 2925 906 2984 tractanti
924 2925 1183 3003 contemplantique

220 3031 265 3072 res
279 3015 436 3092 cognitione
447 3015 625 3094 dignissimas
635 3016 730 3074 subito
740 3015 777 3072 sit
787 3016 906 3072 allatum
920 3014 1078 3094 periculum
1086 3014 1182 3072 discri-

220 3121 343 3178 menque
364 3105 473 3181 patriae,
496 3106 542 3165 cui
562 3106 710 3162 subvenire
733 3105 922 3182 opitularique
941 3105 1040 3184 possit,
1060 3123 1118 3162 non
1137 3104 1184 3162 illa

221 3192 316 3250 omnia
328 3194 468 3269 relinquat
481 3201 567 3270 atque
578 3193 702 3270 abjiciat,
713 3193 799 3252 etiem
812 3193 837 3250 si
850 3193 1029 3252 dmumeme
1042 3213 1074 3251 se
1087 3194 1183 3252 stellas

221 3290 271 3339 eut
281 3281 372 3339 metiri
381 3281 480 3339 mundi
490 3282 716 3358 magnitudinem
727 3301 811 3358 posse
820 3283 996 3340 arbitretur?
1019 3283 1119 3358 Atque
1130 3284 1183 3340 hoc

170 3375 206 3430 11
221 3371 297 3429 idem
317 3371 347 3428 in
370 3369 503 3449 parentis,
520 3371 548 3426 in
570 3370 652 3428 amici
672 3389 703 3427 re
716 3377 767 3428 aut
786 3372 912 3447 periculo
925 3372 1032 3430 fecerit.
1074 3372 1185 3440 Quibus

221 3462 306 3520 rebus
334 3460 505 3538 intelligitur,
531 3458 631 3516 studiis
659 3459 811 3534 officiisque
838 3461 963 3518 scientiae
990 3460 1185 3538 praeponenda
1233 3471 1243 3480 ‘

221 3569 284 3610 esse
305 3551 396 3610 officia
415 3549 542 3628 justitiae,
558 3565 627 3624 quae
650 3547 795 3624 pertinent
807 3549 846 3606 ad
865 3550 1013 3609 homiuum
1026 3549 1185 3618 &ritatem

221 3659 280 3718 qua
292 3641 361 3698 nihil
374 3640 480 3699 homini
493 3657 555 3698 esse
569 3637 656 3698 debet
669 3637 820 3715 antiquius.
