2692 4292
186 341 225 403 ’18
599 359 637 400 on
652 359 780 400 omens

237 489 296 548 licis
310 490 498 568 imperavisse,
512 495 546 548 ut
558 489 652 547 omnia
672 489 875 567 praeberentur,
890 489 1050 568 quicunqne
1062 487 1204 548 Laciades

236 579 266 637 in
278 579 373 638 villam
387 599 467 637 suam
481 579 655 638 devertisset.

276 759 355 817 XIX.
378 759 450 827 Qum
464 763 561 815 autem
575 775 669 836 opera,
685 777 742 816 non
761 757 917 837 largitione,
932 757 1068 816 beneficia
1086 757 1202 824 dantur,

237 848 300 906 haec
309 855 371 906 tum
379 848 408 906 in
415 847 574 906 universam
581 865 641 906 rem
650 849 802 924 publicam,
813 856 874 905 tum
882 848 910 906 in
918 847 1045 926 singulos
1053 847 1129 908 cives
1136 865 1204 904 eon-

206 943 223 996 2
238 937 374 996 seruntur.
397 938 472 994 Nam
482 937 583 1014 injure
591 955 702 1004 cavere,
712 938 941 1014 consiliojuvare,
951 943 1038 1013 atque
1048 937 1103 994 hoc
1114 937 1203 994 scien·

238 1027 285 1084 tiae
307 1047 410 1106 genere
431 1027 567 1105 prodesse
586 1045 673 1103 quarn
694 1027 829 1104 plurimis,
845 1027 1026 1084 vehementer
1038 1033 1069 1082 et
1081 1025 1119 1083 ad
1133 1045 1204 1102 opes

206 1117 385 1194 tangendas
405 1117 535 1193 pertinet,
550 1122 580 1173 et
601 1115 638 1172 ad
660 1116 789 1194 gratiam.
831 1115 931 1192 Itaque
945 1134 1011 1172 curn
1025 1115 1116 1172 multa
1129 1133 1204 1192 prae·

241 1206 316 1263 clara
327 1206 475 1282 majorum,
486 1211 547 1262 tum
556 1205 632 1281 quod
644 1205 752 1281 optime
760 1205 906 1263 constituti
913 1205 984 1282 juris
994 1204 1082 1262 civilis
1091 1222 1205 1260 summo

206 1299 225 1350 4
239 1313 351 1372 semper
364 1295 393 1351 in
405 1295 511 1351 honore
524 1294 578 1352 luit
589 1294 712 1372 cognitio
720 1303 807 1371 atque
820 1294 1031 1372 interpretati03
1045 1311 1132 1369 quam
1142 1292 1205 1369 qui·

240 1383 307 1441 dem
328 1391 394 1440 ante
414 1385 488 1442 hanc
512 1383 704 1442 confusionem
724 1391 886 1462 temporum
905 1383 934 1441 in
956 1382 1131 1460 possessione
1152 1400 1206 1439 sua

241 1473 381 1551 principes
402 1472 592 1531 retinuerrmt:
614 1492 697 1540 nunc,
711 1481 745 1530 ut
757 1474 888 1539 honores,
902 1480 936 1529 ut
948 1491 1046 1529 omnes
1059 1471 1205 1550 dignitatis

208 1569 226 1622 5
241 1564 356 1642 gradus,
371 1563 411 1621 sic
425 1563 512 1640 hujus
525 1563 649 1620 scientiae
661 1562 798 1639 splendor
810 1562 921 1620 deletus
933 1569 994 1619 est:
1015 1561 1101 1638 idque
1114 1579 1150 1618 eo
1163 1561 1205 1618 in·

241 1653 362 1732 dignius,
373 1653 448 1730 quod
460 1672 495 1710 eo
505 1661 634 1730 tempore
645 1653 700 1710 hoc
709 1652 837 1729 contigit,
843 1671 908 1709 cum
918 1651 942 1708 is
952 1658 1036 1718 esset,
1047 1650 1096 1727 qui
1105 1669 1207 1707 ornnes

242 1743 409 1820 superiores,
434 1741 536 1818 quibus
563 1742 669 1800 honore
693 1760 746 1818 par
771 1748 855 1808 esset,
879 1741 994 1798 scientia
1019 1741 1102 1797 facile
1124 1740 1206 1797 vicis·

209 1837 226 1889 6
242 1838 293 1890 set.
335 1832 409 1888 Haec
423 1832 509 1909 igitur
522 1849 616 1908 opera,
628 1840 711 1910 grata
724 1831 828 1897 multis,
840 1838 870 1888 et
881 1830 919 1887 ad
933 1829 1075 1888 beneficiis
1084 1829 1206 1887 obstrin-

210 1920 227 1979 Ἰ
242 1920 350 2000 gendos
363 1921 490 1978 homines
503 1920 726 1980 accommodata.
767 1922 867 1997 Atque
886 1920 952 1977 huic
965 1919 1019 1976 arti
1031 1919 1150 1976 finitima
1162 1924 1207 1976 est

242 2010 353 2068 dicendi
367 2009 495 2076 facultas,
507 2016 536 2068 et
549 2011 670 2088 gravior,
681 2016 712 2068 et
725 2010 856 2068 ornatior.
898 2008 973 2078 Quid
984 2009 1059 2066 enim
1072 2008 1206 2085 eloquen-

243 2097 283 2155 tia
306 2099 501 2175 praestabilius,
516 2100 563 2157 vel
586 2098 772 2157 admiratione
794 2099 977 2165 audientium,
992 2099 1039 2156 vel
1061 2117 1114 2175 spe
1136 2097 1206 2156 indi·

211 2193 228 2246 8
243 2186 379 2264 gentium,
394 2187 438 2244 vel
460 2206 565 2255 eorum,
580 2189 629 2264 qui
643 2188 752 2246 defensi
771 2195 846 2254 sunt,
860 2189 976 2267 gratia?
1017 2188 1092 2245 Huic
1107 2207 1177 2266 ergo
1189 2207 1208 2245 a

211 2281 228 2336 9
243 2276 397 2353 majoribus
407 2277 509 2334 nostris
517 2285 560 2334 est
570 2277 599 2335 in
609 2284 679 2355 toga
689 2277 833 2355 dignitatis
842 2277 1015 2355 principatus
1026 2277 1120 2335 datus.
1155 2278 1206 2335 Di-

242 2365 310 2424 serti
329 2366 415 2445 igitur
434 2367 562 2434 hominis,
577 2373 607 2424 et
627 2367 708 2424 facile
728 2367 890 2435 laborantis,
905 2366 1040 2444 quodque
1060 2367 1089 2423 in
1109 2367 1206 2444 patriis

244 2465 287 2514 est
300 2457 433 2524 moribus,
448 2457 602 2514 multorum
617 2475 716 2514 causas
729 2463 759 2514 et
772 2474 830 2513 non
844 2464 962 2534 gravate
975 2463 1005 2512 et
1017 2456 1143 2533 gratuito
1157 2455 1205 2513 de·

192 2551 229 2606 10
243 2546 391 2613 fendentis
401 2547 535 2604 beneficia
546 2553 575 2604 et
585 2546 740 2623 patrocinia
750 2545 807 2602 late
818 2553 925 2621 patent.
966 2545 1152 2602 Admonebat
1161 2563 1206 2602 me

242 2655 297 2703 res,
310 2644 344 2692 ut
366 2637 420 2694 hoc
445 2655 557 2714 quoque
579 2636 641 2693 loco
662 2635 897 2692 intermissionem
917 2634 1093 2710 eloquentiae,
1108 2653 1145 2690 ne
1165 2634 1206 2691 di-

243 2741 306 2782 cam
320 2725 470 2793 interitum,
483 2726 677 2802 deplorarem:
697 2725 727 2781 ni
736 2743 855 2791 vererer,
866 2743 902 2780 ne
915 2724 953 2781 de
966 2743 1012 2781 me
1025 2724 1088 2801 ipso
1102 2722 1207 2800 aliquid

244 2813 355 2871 viderer
369 2815 456 2889 queri.
498 2815 557 2872 Sed
579 2823 677 2872 tamen
689 2814 827 2880 videmus,
841 2814 944 2890 quibus
964 2813 1095 2870 extinctis
1114 2820 1207 2870 orato·

243 2902 331 2968 ribus,
346 2921 433 2978 quam
455 2903 483 2960 in
504 2905 602 2980 paucis
616 2923 691 2981 spes,
705 2910 813 2980 quanto
832 2903 861 2960 in
882 2902 1062 2980 paucioribus
1075 2902 1205 2970 facultas,

193 2996 229 3050 11
245 3011 331 3068 quam
344 2991 374 3048 in
387 2993 484 3048 multis
498 2993 534 3050 sit
548 2993 675 3050 audacia.
711 2993 785 3050 Cum
799 3000 895 3049 autem
908 3010 1005 3049 omnes
1018 3010 1075 3048 non
1089 2991 1206 3068 possint,

244 3100 280 3140 ne
294 3081 375 3138 multi
389 3081 512 3158 quidem,
527 3090 577 3140 aut
598 3083 670 3160 juris
694 3083 776 3159 periti
795 3101 865 3149 esse,
880 3089 931 3138 aut
944 3081 1041 3138 diserti
1050 3100 1058 3148 ;
1078 3081 1146 3138 licet
1165 3087 1206 3137 ta·

245 3189 311 3228 men
324 3189 411 3246 opera
424 3171 558 3248 prodesse
572 3172 678 3239 multis,
693 3172 827 3231 beneficia
841 3178 994 3248 petentem,
1009 3169 1206 3228 commendan-

245 3266 305 3316 tem
323 3260 474 3336 judicibus,
489 3261 710 3338 magistratibus,
725 3261 887 3339 vigilantem
908 3279 961 3337 pro
975 3279 1006 3318 re
1019 3260 1145 3327 alterius,
1159 3278 1207 3316 eos

246 3349 331 3427 ipsos,
345 3349 394 3425 qui
415 3357 465 3406 aut
485 3351 679 3416 consuluntur,
694 3358 746 3407 aut
762 3350 928 3416 defendunt,
942 3356 1110 3426 rogantem:
1131 3348 1208 3425 quod

246 3440 295 3515 qui
308 3439 422 3505 faciunt,
439 3438 590 3515 plurimum
609 3439 709 3516 gratiae
725 3446 942 3516 consequuntur,
957 3437 1149 3514 latissimeque
1162 3457 1207 3494 eo-

196 3535 233 3590 12
249 3551 312 3588 rum
327 3537 424 3586 manat
437 3529 581 3586 industria.
623 3529 689 3586 Jam
710 3529 781 3586 illud
802 3548 858 3586 non
880 3536 947 3585 sunt
966 3528 1140 3584 admonendi
1154 3526 1209 3604 (est

247 3621 321 3676 enim
334 3620 362 3676 in
376 3617 522 3698 promptu)
538 3626 571 3676 ut
584 3619 818 3685 animadvertant,
833 3637 898 3676 cum
916 3617 1017 3694 juvare
1031 3617 1101 3675 alios
1115 3618 1208 3685 velint,

109 3706 141 3788 Ι·
197 3714 234 3766 13
248 3727 284 3764 ne
304 3729 375 3784 quos
395 3710 547 3768 offendant.
589 3709 674 3786 Saeps
688 3709 763 3766 enim
785 3714 837 3764 aut
860 3725 910 3765 eos
932 3706 1053 3774 laedunt,
1069 3725 1142 3785 quos
1154 3725 1209 3764 non

935 3895 939 3900 ι
1016 3852 1027 3881 5
