2692 4292
501 375 587 412 arnna
601 374 620 413 r.
662 375 729 414 exe.
744 375 811 413 xxx.
1129 359 1169 412 89

148 507 220 558 caat.
262 501 378 579 Duplex
399 501 512 559 omnino
532 509 575 560 est
596 503 710 579 jocandi
731 521 839 580 genus:
860 521 949 559 unum
970 501 1114 568 illiberale,
1130 506 1168 560 10

147 591 288 665 petulans,
304 591 483 668 flagitiosum,
499 593 682 658 obscoenum
697 592 817 649 alterum
831 593 956 669 elegans,
965 593 1114 659 urbanum,

146 678 330 756 ingeniosum,
346 682 478 738 facetum.
521 681 584 749 Quo
598 699 701 758 genere
715 701 771 738 non
784 681 870 738 modo
884 682 1004 738 Plautus
1018 689 1114 737 noster
1129 685 1164 736 11

146 776 177 824 et
200 769 364 827 Atticorum
389 771 504 846 antiqua
529 770 678 838 comoedia,
700 770 857 827 sedetiam
879 770 1113 847 philosophorum

146 857 355 915 Socraticorum
377 859 439 916 libri
460 859 555 916 referti
576 868 661 925 sunt;
685 860 830 934 multaque
851 860 1004 916 multorum
1022 859 1114 915 facete

145 945 239 1012 dicta;
261 954 295 1003 ut
314 966 355 1013 ea,
371 967 435 1024 quae
451 965 468 1003 a
484 965 551 1004 sene
573 948 682 1004 Catone
703 948 822 1004 collecta
842 957 916 1013 sunt,
932 967 997 1024 quae
1013 955 1114 1004 vocant

144 1036 361 1112 ἀποφθέγματα.
403 1036 505 1094 Facilis
524 1037 610 1114 igitur
628 1046 673 1094 est
693 1036 836 1095 distinctio
852 1037 966 1113 ingenui
983 1043 1013 1093 et
1025 1035 1113 1093 illibe·
1129 1042 1164 1092 12

144 1124 212 1182 ralis
234 1125 298 1201 joci.
359 1123 444 1182 Alter
470 1130 522 1191 est,
559 1123 582 1181 si
608 1131 738 1204 tempore
771 1124 813 1192 lit,
846 1123 963 1182 remisso
1000 1123 1113 1182 homine

143 1213 267 1290 dignus;
288 1214 408 1271 alterne
422 1213 510 1272 libero
524 1213 646 1290 quidem,
662 1214 685 1270 si
700 1232 793 1269 rerum
808 1213 976 1290 turpitudini
995 1213 1112 1271 adhibe·

144 1309 193 1359 tur
203 1305 352 1360 verborum
363 1303 543 1360 obscoenitas.
585 1302 717 1360 Ludendi
730 1303 815 1359 etiarn
825 1303 997 1378 estquidam
1010 1301 1112 1359 modus
1128 1307 1164 1358 1³

143 1393 325 1449 retinendus:
348 1399 380 1448 ut
405 1411 439 1448 ne
464 1391 543 1448 nimis
568 1391 659 1448 omnia
684 1392 898 1468 profundamus,
922 1391 1044 1467 elatique
1064 1410 1112 1448 vo·

142 1481 256 1558 luptate
278 1482 306 1538 in
330 1481 454 1558 aliquam
474 1480 681 1556 turpitudinem
701 1481 876 1537 delabamnr.
918 1480 1112 1557 Suppeditant
1128 1485 1164 1538 14

143 1579 241 1627 autem
255 1579 283 1628 et
298 1590 417 1647 campus
436 1578 531 1627 noster
545 1577 574 1626 et
594 1570 691 1627 studia
704 1569 824 1626 venandi
844 1569 964 1626 honesta
983 1569 1114 1646 exempla

142 1659 269 1718 ludendi.

183 1839 272 1895 XXX.
295 1838 355 1896 Sed
371 1837 491 1915 pertinet
505 1837 543 1895 ad
558 1857 670 1895 omnem
691 1837 773 1895 officii
793 1837 985 1913 qnaestionem,
999 1855 1112 1914 semper

103 1967 107 1970 -
141 1927 171 1984 in
186 1936 321 2005 promptu
335 1929 448 1995 habere,
464 1935 601 2004 quantum
623 1935 725 1984 natura
744 1926 864 1984 hominis
878 1927 1035 2004 pecudibus
1048 1926 1111 1984 reli·

72 2005 75 2010 ¹
141 2017 261 2094 quisque
273 2018 362 2075 beluis
377 2017 535 2074 antecedat.
573 2016 634 2073 Illae
645 2017 714 2073 nihil
727 2017 852 2072 sentiunt
864 2017 916 2073 nisi
924 2017 1109 2093 voluptatem,
1125 2022 1143 2074 2

141 2106 180 2162 ad
195 2125 312 2183 eamque
332 2107 463 2163 feruntur
484 2105 559 2163 omni
579 2105 706 2183 impetu:
726 2105 846 2162 bominis
867 2113 963 2162 autem
976 2123 1055 2162 mens
1068 2106 1109 2163 di-

142 2195 250 2252 scendo
270 2195 354 2252 alitur
367 2203 396 2254 et
417 2195 576 2272 cogitand0,
592 2213 705 2271 semper
723 2195 829 2271 aliquid
850 2202 900 2252 aut
920 2195 1040 2270 anquirit
1059 2202 1111 2252 aut

142 2285 212 2361 agit,
224 2285 392 2361 videndique
402 2292 432 2341 et
442 2284 574 2341 audiendi
588 2284 775 2341 delectatione
790 2283 911 2340 ducitur.
943 2283 1142 2351 Quinctiana

143 2374 166 2430 si
180 2374 243 2449 quis
257 2381 300 2430 est
322 2375 408 2452 paulo
428 2373 464 2430 ad
480 2374 642 2451 voluptates
662 2373 837 2450 propensior,
851 2371 939 2428 modo
959 2390 995 2428 ne
1014 2371 1051 2428 sit
1075 2391 1111 2429 ex

142 2464 285 2540 pecudum
310 2482 413 2541 genere
438 2460 517 2540 (sunt
541 2463 613 2520 enim
635 2461 752 2538 quidam
775 2460 903 2516 homines
924 2478 979 2516 non
998 2477 1037 2525 re,
1057 2459 1110 2517 sed

141 2552 276 2630 nomine)
298 2553 348 2610 sed
370 2553 475 2628 siquis
496 2562 540 2609 est
560 2550 646 2629 paulo
667 2548 794 2616 erectior,
815 2547 943 2625 quamvis
963 2549 1110 2624 voluptate

143 2642 278 2718 capiatur,
291 2643 415 2700 occrdtat
429 2650 458 2698 et
473 2641 631 2698 dissimulat
645 2639 805 2716 appetitum
815 2637 977 2712 voluptatis,
993 2646 1111 2715 propter

115 2785 120 2794 ,
142 2732 349 2789 verecundiam.
391 2731 434 2788 Ex
453 2751 510 2808 quo
530 2729 703 2807 intelligitur,
719 2727 845 2804 corporis
857 2727 1033 2803 voluptatem
1053 2733 1141 2785 non4

143 2821 211 2877 satis
234 2839 295 2878 esse
317 2821 432 2898 dignam
453 2820 572 2877 hominis
593 2818 766 2895 praetende,
780 2835 900 2894 eamque
920 2818 1060 2874 contemni
1079 2825 1109 2875 et

77 2955 81 2962 .
143 2909 220 2985 rejici
234 2918 380 2987 oportere:
396 2911 438 2967 sin
452 2911 488 2967 sit
501 2909 650 2986 quispiam,
662 2906 710 2983 qui
724 2905 829 2982 aliquid
843 2906 950 2964 tribuat
960 2907 1108 2983 voluptati,

144 2999 292 3076 diligenter
306 2999 331 3056 ei
348 2999 501 3057 tenendum
522 3017 583 3056 esse
604 2997 666 3073 ejus
688 2995 816 3053 fruendae
839 2995 964 3054 modum.
1007 2997 1140 3073 Itaquet

144 3089 235 3145 victus
249 3089 398 3166 cultusque
417 3088 541 3166 corporis
562 3087 598 3144 ad
613 3085 803 3143 valetudinem
823 3085 961 3143 referatur
974 3093 1004 3143 et
1017 3086 1055 3143 ad
1069 3086 1108 3145 vi·

118 3197 197 3262 tres,
216 3196 271 3235 non
291 3178 329 3234 ad
349 3179 533 3254 voluptatem.
575 3177 673 3252 Atque
692 3175 776 3232 etiam
797 3174 819 3230 si
840 3174 1016 3233 considerare
1029 3176 1140 3233 volu-6

143 3287 215 3334 mus,
231 3286 295 3344 quae
315 3267 351 3324 sit
370 3267 399 3323 in
419 3275 520 3324 natura
540 3265 660 3322 hominis
686 3263 852 3320 excellentia
872 3274 902 3320 et
921 3263 1053 3342 dignitas,
1067 3264 1107 3321 in·

142 3357 312 3434 telligemus,
327 3375 413 3433 quam
433 3357 469 3414 sit
489 3363 572 3432 turpe
593 3353 720 3412 diffluere
740 3353 858 3421 luxuria,
880 3361 909 3410 et
932 3354 1051 3411 delicate
1075 3372 1108 3411 ao

142 3445 264 3504 molliter
278 3447 389 3504 vivere:
411 3463 552 3522 quamque
572 3443 723 3501 honestum
744 3461 838 3520 parce,
859 3444 1042 3508 continenter,
1063 3460 1107 3499 se·

142 3553 217 3602 vere,
233 3535 333 3594 sobrie.

184 3714 404 3792 Intelligendum
424 3713 510 3772 etiam
529 3719 583 3780 est,
598 3710 711 3770 duabus
724 3711 804 3788 qnasi
817 3726 870 3766 nos
882 3726 901 3764 a
913 3713 1015 3766 natura
1025 3708 1107 3768 indu·
1122 3710 1140 3770 't
