2692 4292
468 356 554 396 crana
568 355 587 396 1.
629 355 696 396 car.
712 356 799 396 xxxv.
1102 340 1153 420 ἦ

120 485 269 544 industria.
311 486 411 562 Atque
430 485 515 543 etiam
533 505 599 542 cum
612 486 739 543 relaxare
752 485 861 543 animos
875 491 905 544 et
918 483 987 542 dare
1000 503 1032 542 se
1041 484 1088 563 ju·
1102 488 1122 543 4

122 576 262 634 canditati
282 576 385 646 volent,
407 578 524 634 caleant
544 575 799 651 intemperantiam,
820 575 998 632 meminerint
1010 593 1089 632 vere·

122 666 250 723 cundiae:
280 665 358 741 quod
383 665 435 722 erit
459 665 575 732 facilius
601 665 624 722 si
649 665 678 721 in
699 664 841 741 ejusmodi
864 664 980 740 quidem
1003 665 1089 722 rebus

121 756 247 832 majores
268 761 339 812 natu
351 755 439 812 velint
458 755 602 812 interesse.
645 754 768 812 Senibus
787 761 884 811 autem
902 754 1015 811 labores
1027 762 1121 814 cor-b

122 845 201 922 poris
222 843 375 911 minuendi,
390 844 602 902 exercitationes
627 844 712 901 animi
734 844 820 900 etiam
839 842 980 922 augendae
992 842 1089 901 viden·

121 941 179 993 tur.
208 934 311 990 Danda
321 951 388 990 vero
399 951 493 1010 opera,
502 940 573 990 utet
584 933 690 990 amicos
699 939 729 990 et
739 933 920 1010 juventutem
929 939 959 990 et
968 932 1090 990 maxime

122 1043 184 1080 rem
200 1022 343 1100 publicam
354 1023 468 1080 consilio
478 1030 508 1079 et
521 1021 672 1100 prudentia
684 1022 933 1098 quamplurimum
943 1021 1088 1099 adjuvent.

123 1112 205 1170 Nihil
218 1120 314 1170 autern
327 1113 419 1190 magis
430 1111 589 1170 cavendum
600 1119 644 1169 est
658 1112 805 1179 senectuti,
817 1130 904 1189 quam
913 1131 949 1169 ne
959 1111 1090 1189 languori
1104 1116 1122 1169 6

123 1221 156 1259 se
170 1201 342 1278 desidiaque
356 1201 450 1259 dedat.
493 1201 619 1258 Luxuria
632 1219 700 1259 vero
714 1219 780 1259 cum
794 1202 871 1259 omni
889 1201 967 1259 retati
987 1201 1088 1278 trnpis,
1104 1202 1121 1261 7

123 1299 187 1348 tum
208 1291 525 1349 senectuti'foedissima
545 1299 597 1350 est.
638 1291 689 1348 Sin
713 1299 810 1349 autem
833 1291 981 1350 libidinum
1004 1291 1089 1348 etiam

123 1380 339 1458 intemperantia
362 1380 521 1447 accesserit,
543 1380 649 1458 duplex
672 1381 780 1438 malum
796 1388 856 1446 est,
877 1379 956 1457 quod
976 1387 1005 1437 et
1028 1380 1090 1457 ipsa

124 1478 256 1528 senectus
267 1471 391 1528 dedecus
402 1469 532 1548 concipit,
544 1477 575 1528 et
587 1471 656 1528 facit
665 1470 888 1528 adolescentium
902 1469 1090 1546 impudentio-

123 1579 186 1617 rem
199 1560 452 1636 intemperantiam.

165 1650 210 1706 Ac
238 1669 273 1706 ne
296 1649 367 1707 illud
390 1649 505 1726 quidem
526 1649 649 1706 alienum
669 1655 722 1715 est,
742 1647 779 1706 de
801 1647 1030 1726 magistratuum,
1052 1647 1122 1707 de8

125 1739 308 1816 privatorum,
325 1739 360 1796 de
375 1740 486 1806 civium,
502 1740 538 1799 de
556 1739 769 1817 peregrinorum
783 1738 880 1796 officiis
893 1737 996 1796 dicere.
1037 1738 1091 1796 Est
1105 1745 1122 1797 9

124 1829 212 1906 igitur
236 1829 380 1906 proprium
405 1849 509 1887 munus
532 1829 726 1908 magistratus,
750 1827 915 1906 intelligere,
936 1846 968 1884 so
991 1846 1091 1905 gerere

125 1937 276 1995 personam
290 1919 417 1986 civitatis
430 1918 589 1996 debereque
601 1919 663 1995 ejus
678 1918 847 1996 dignitatem
860 1924 891 1975 et
904 1917 992 1976 decus
1006 1918 1089 1975 susti·

124 2025 200 2074 nere,
216 2027 325 2065 servare
347 2009 435 2086 leges,
449 2009 515 2085 jura
536 1996 704 2075 describere,
723 2027 757 2065 ea
777 2007 844 2065 fidei
865 2026 925 2066 suae
943 2007 1092 2065 commissa

124 2098 292 2156 meminisse.
332 2098 478 2155 Privatum
492 2105 589 2155 autern
603 2105 717 2174 oportet
731 2115 813 2174 aequo
825 2105 857 2154 et
870 2097 931 2174 pari
944 2117 1010 2155 cum
1024 2097 1089 2155 civi·
1106 2103 1144 2156 10

125 2187 181 2244 bus
198 2187 263 2264 jure
284 2187 384 2254 vivere,
406 2206 497 2264 neque
522 2188 704 2244 summissum
725 2194 755 2244 et
774 2187 927 2264 abjectum,
948 2206 1040 2264 neque
1060 2206 1090 2245 se

125 2277 307 2334 efferentem:
329 2284 392 2335 tum
412 2277 441 2334 in
463 2296 493 2335 rc
516 2277 630 2354 publica
650 2295 685 2334 ea
705 2277 785 2344 velle,
801 2295 866 2353 quae
887 2277 1038 2352 tranquilla
1061 2283 1091 2334 et

125 2367 246 2424 honesta
262 2367 325 2424 sint.
367 2367 463 2424 Talem
478 2367 552 2424 enim
566 2367 691 2424 solemus
704 2374 734 2424 et
748 2366 852 2424 sentire
870 2366 976 2422 bonum
990 2366 1089 2431 civem,

125 2463 156 2513 ct
170 2455 273 2513 dicere.
315 2456 461 2532 Peregrini
481 2463 576 2513 autem
598 2463 685 2532 atque
705 2455 805 2512 incolae
820 2454 942 2511 officium
956 2460 1009 2520 est,
1022 2453 1090 2511 nihil
1106 2458 1141 2510 11

126 2553 233 2622 praeter
253 2565 337 2602 suum
360 2545 507 2623 negotium
529 2563 624 2622 agero,
639 2544 709 2601 nihil
727 2544 763 2600 de
777 2544 833 2600 alio
845 2542 1001 2619 anquirere,
1012 2541 1090 2600 mini·

125 2653 231 2710 meque
243 2653 305 2691 esse
317 2635 346 2692 in
360 2636 449 2692 aliena
462 2654 493 2691 re
507 2635 621 2711 publica
636 2633 786 2691 curiosum.

167 2725 213 2782 Ita
233 2724 291 2782 lere
312 2723 402 2782 officia
421 2725 606 2801 reperientur,
629 2743 695 2780 cum
717 2729 868 2798 quaeretur,
892 2722 960 2799 quid
981 2723 1088 2789 deceat,
1107 2727 1142 2780 12

127 2813 238 2890 etquid
253 2821 354 2891 aptum
368 2815 404 2871 sit
419 2814 554 2891 personis
570 2813 756 2890 temporibus
772 2813 911 2870 aetatibus.
953 2813 1032 2870 Nihil
1046 2820 1090 2870 est
1107 2819 1142 2870 13

127 2910 232 2970 autem,
246 2903 324 2980 quod
346 2911 405 2960 tam
420 2903 529 2971 deceat,
545 2921 631 2980 quarn
647 2903 677 2959 in
691 2902 766 2960 omni
780 2923 811 2961 re
824 2903 951 2981 gerenda
963 2903 1089 2961 consilio-

127 3011 184 3070 que
196 2993 334 3069 capiendo
348 3011 458 3050 servare
474 2993 668 3051 constantiam.

167 3169 285 3230 XXXV.
302 3171 359 3228 Sed
373 3171 503 3249 quoniam
515 3171 649 3228 decorum
662 3170 734 3228 illud
747 3170 775 3227 in
784 3170 915 3228 omnibus
927 3171 1019 3238 scotia,
1030 3171 1089 3230 dic·

126 3260 172 3328 tis,
183 3261 213 3318 in
223 3261 348 3337 corporis
362 3261 483 3337 denique
493 3267 574 3317 motu
588 3267 618 3316 et
630 3267 708 3316 statu
722 3260 852 3327 cernitur,
867 3260 953 3337 idque
968 3262 1091 3337 positum

126 3358 172 3406 est
192 3350 220 3406 in
239 3350 330 3408 tribus
352 3350 446 3417 rebus,
461 3349 647 3416 formositate,
663 3349 769 3416 ordine,
785 3356 886 3407 ornatu
899 3351 937 3407 ad
951 3352 1090 3408 actionem

127 3448 204 3516 apto,
219 3439 377 3497 difficilibus
399 3439 435 3495 ad
458 3439 656 3515 eloquendum,
673 3439 725 3496 sed
747 3439 816 3496 satis
835 3440 887 3496 erit
907 3440 1041 3516 intelligi;
1063 3439 1123 3495 in2

126 3529 170 3584 his
185 3535 282 3584 autem
296 3529 386 3585 tribus
400 3528 557 3586 continetur
571 3547 638 3584 cura
652 3529 738 3585 etiam
752 3528 808 3595 illa,
824 3536 857 3585 ut
877 3530 1030 3605 probemur
1049 3525 1090 3593 iis,

127 3617 296 3692 quibuscum
305 3618 383 3693 apud
391 3636 518 3694 quosque
527 3617 668 3674 vivamus:
684 3618 728 3674 his
736 3636 850 3692 quoque
859 3617 895 3672 de
906 3616 990 3672 rebus
1001 3633 1093 3691 pauca

128 3705 266 3782 dicantur.
308 3706 456 3784 Principio,
472 3705 597 3784 corporis
610 3706 699 3763 nostri
713 3723 848 3783 magnam
860 3711 963 3761 natura
976 3703 1039 3781 ipsa
1051 3703 1091 3762 ri·
1106 3709 1124 3762 8
