2692 4292
184 347 242 404 104
610 363 648 402 na
663 363 792 402 ornans

234 489 327 556 nicias,
343 490 418 568 quod
435 489 504 548 alios
517 491 616 558 bonos,
630 489 700 548 alios
713 491 855 568 sapientes
871 489 1039 546 existimant.
1082 489 1127 545 Ex
1142 506 1204 564 quo

234 579 350 646 Ennius,
366 582 548 655 nequicquam
567 599 658 654 capere
678 582 834 653 tammum,
850 582 901 654 qui
924 581 980 653 ipse
1000 580 1053 634 cabi
1070 579 1203 652 prodeam

234 687 289 725 uon
311 669 408 742 quiret.
451 669 527 726 Vere
549 669 579 727 id
600 669 723 745 quidem,
745 669 777 736 si,
798 669 866 746 quid
889 675 965 726 esset
981 669 1117 741 prodesse,
1132 666 1204 724 mihi

184 759 221 816 10
235 775 300 814 eum
314 757 404 814 Ennio
418 757 586 815 conveniret.
628 759 804 815 Hecatonem
817 758 933 835 quidem
947 757 1102 823 Rhodium,
1117 756 1203 813 disci·

235 845 335 922 pulum
357 847 483 913 Panaetii,
499 846 581 904 video
603 846 631 903 in
653 847 687 903 iis
705 846 792 914 libris,
813 867 885 924 quos
907 847 945 903 de
965 847 1063 903 officiis
1088 845 1203 921 scripsit

234 935 269 1004 Q.
290 935 438 1001 Tuberoni,
462 936 564 1003 dicere,
591 935 733 1010 Sapientia
753 955 814 1001 ecre,
836 936 909 992 uiltil
929 944 1024 992 contra
1046 954 1143 1002 mores,
1166 935 1203 991 le·

182 1027 218 1082 11
231 1043 286 1098 qua,
301 1025 430 1081 instituta
441 1025 596 1100 facientem,
612 1025 707 1082 tatere
719 1027 854 1082 rationem
874 1026 914 1082 rei
926 1026 1097 1100 familiaria.
1139 1025 1201 1080 Ne·

234 1133 286 1189 que
304 1116 376 1171 enim
396 1115 487 1170 sotum
509 1115 585 1170 nobie
604 1115 701 1170 diuites
722 1133 775 1171 ctae
794 1117 931 1180 uolumus,
947 1115 993 1170 sed
1015 1115 1115 1178 liber-ia,
1131 1132 1201 1186 pre

229 1204 353 1276 pinquis,
374 1203 478 1268 amicis,
501 1204 669 1278 mammequc
690 1205 731 1260 rei
749 1205 877 1278 publica.
920 1203 1109 1276 stuqutmm
1129 1204 1202 1258 euim

182 1295 218 1348 12
233 1293 388 1366 facultates
410 1301 435 1348 et
459 1293 542 1366 copia
563 1293 669 1348 divitie
691 1301 758 1349 tunt
780 1294 907 1350 ciuitatis.
960 1292 1036 1348 Huic
1060 1291 1201 1349 Scaevolae

232 1379 350 1448 lactum,
365 1382 402 1440 de
416 1401 473 1460 quo
497 1381 582 1458 paulo
603 1388 668 1438 ante
689 1381 755 1448 dixi,
771 1382 883 1459 placere
895 1381 974 1438 nullo
992 1381 1079 1437 modo
1094 1387 1200 1457 potest.

233 1469 345 1530 Etenim
370 1472 482 1529 omnino
504 1479 615 1527 tantum
643 1489 673 1526 se
698 1479 785 1548 negat
809 1471 950 1527 facturum
974 1469 1136 1546 compendii
1157 1468 1202 1525 sui

234 1579 328 1627 causa,
343 1562 421 1638 quod
435 1579 491 1618 non
504 1560 595 1616 liceat.
638 1559 713 1617 Huic
727 1579 779 1617 nec
793 1559 855 1618 laus
866 1577 970 1636 magna
980 1557 1133 1616 tribuenda
1148 1576 1200 1615 nec

182 1652 218 1707 la
234 1649 326 1726 gratia
336 1657 387 1708 est.
420 1649 479 1708 Sed
488 1650 546 1706 sive
555 1649 697 1706 simulatio
707 1657 737 1705 et
745 1649 931 1706 dissimulatio
940 1648 1024 1704 dolus
1034 1648 1127 1704 malus
1138 1653 1199 1713 cst;

233 1757 384 1815 perpauca
398 1758 443 1795 res
457 1745 531 1804 sunt,
547 1737 575 1794 in
589 1738 692 1814 quibus
705 1757 762 1795 non
782 1737 865 1795 dolus
878 1738 931 1793 iste
945 1737 1037 1794 malus
1052 1743 1198 1792 versetur:

234 1827 291 1884 sive
316 1827 359 1883 vir
387 1827 478 1884 bonus
502 1833 546 1884 est
572 1826 604 1892 is,
630 1825 679 1902 qui
706 1827 832 1903 prodest,
854 1826 957 1903 quibus
985 1833 1089 1901 potest,
1115 1831 1200 1882 nocet

234 1915 354 1981 nemiui;
386 1924 462 1972 certe
489 1916 575 1972 istum
600 1915 691 1972 virum
716 1916 821 1972 bonum
847 1935 904 1972 non
927 1914 1009 1971 facile
1032 1915 1198 1991 reperimus.

183 2007 219 2060 14
234 2002 387 2078 Nunquam
407 2003 493 2080 igitur
511 2012 556 2061 est
576 2004 645 2061 utile
667 2023 795 2081 peccare,
814 2004 880 2080 quia
894 2023 1014 2080 semper
1033 2011 1078 2060 est
1096 2011 1197 2080 turpe:

233 2097 263 2147 et
276 2091 343 2166 quia
356 2109 469 2169 semper
482 2097 526 2148 est
546 2093 698 2150 honestum
711 2094 804 2150 vuum
824 2095 930 2150 bonum
944 2110 1015 2160 esse,
1029 2110 1143 2170 semper
1155 2098 1200 2149 ast

233 2177 311 2236 utile.

1093 2263 1106 2293 1

273 2359 353 2416 XVI.
369 2359 463 2418 Aede
474 2360 538 2437 jure
547 2360 662 2437 quidem
674 2360 845 2438 praediorum
856 2366 986 2416 sanctum
1000 2358 1079 2435 apud
1092 2377 1145 2416 nos
1155 2365 1198 2416 est

231 2447 295 2526 jure
320 2449 400 2517 civili,
420 2457 453 2505 ut
476 2450 504 2506 in
528 2449 572 2506 his
592 2449 748 2506 vendendis
769 2449 836 2506 vitia
859 2449 1029 2514 dicerentur,
1045 2466 1112 2524 quae
1131 2457 1199 2504 nota

202 2543 219 2594 2
234 2545 328 2595 essent
341 2538 488 2596 venditori.
529 2539 613 2603 Nam,
629 2557 695 2595 cum
708 2557 744 2594 ex
758 2537 909 2595 duodecim
922 2537 1027 2594 tabulis
1041 2538 1109 2594 satis
1123 2543 1198 2593 esset

234 2645 268 2685 ea
290 2628 425 2704 praestari,
441 2646 506 2704 quae
526 2635 620 2684 essent
641 2627 738 2704 lingua
759 2635 932 2704 nuncupata,
948 2644 1012 2702 quae
1029 2626 1077 2702 qui
1098 2625 1196 2682 infitia-

235 2724 282 2774 tus
296 2725 379 2783 esset,
394 2716 475 2793 dupli
489 2735 604 2794 poenam
619 2717 741 2773 subiret:
763 2733 781 2771 a
798 2715 870 2792 juris
884 2715 1019 2772 consultis
1033 2716 1118 2771 etiam
1133 2715 1196 2771 reti·

202 2810 219 2862 8
234 2806 333 2863 centia
348 2825 435 2883 poena
449 2817 492 2863 est
507 2806 666 2863 constituta.
709 2805 853 2881 Quicquid
872 2805 946 2861 enim
960 2812 1036 2860 esset
1048 2805 1077 2860 in
1091 2804 1197 2881 prndio

233 2894 300 2961 vitii,
315 2894 344 2952 id
357 2904 526 2962 statuerunt,
542 2897 566 2952 si
579 2895 709 2953 venditor
728 2895 821 2961 sciret,
840 2895 893 2951 nisi
912 2895 1076 2951 nominatim
1089 2893 1196 2951 dictum

202 2985 221 3038 4
235 2990 318 3047 esset,
330 2985 458 3058 prestari
471 2993 610 3061 oportere.
653 2983 703 3050 Ut,
715 2984 820 3040 cumin
833 3001 898 3040 arce
908 2985 1059 3060 augurium
1073 3001 1196 3060 augures

234 3069 324 3126 acturi
346 3079 449 3136 essent,
468 3073 674 3149 jussissemque
696 3073 736 3130 Ti
752 3072 904 3130 Claudium
919 3073 1127 3138 Centumalum,
1149 3075 1196 3150 qui

235 3157 310 3214 aedes
325 3157 353 3214 in
368 3159 460 3216 Ooelio
472 3169 567 3218 monte
587 3162 722 3229 habebat,
736 3162 865 3220 demoliri
878 3181 920 3229 ea,
935 3181 1055 3238 quorum
1075 3161 1197 3219 altitudo

235 3245 359 3308 officeret
381 3247 520 3323 auspiciis,
548 3249 685 3307 Claudius
709 3252 876 3328 proscripsit
900 3251 1029 3316 insulam,
1054 3251 1195 3318 vendidit;

202 3343 220 3395 b
234 3335 302 3394 emit
315 3335 348 3394 P.
360 3335 529 3412 Calpurnius
538 3337 683 3396 Lanarius.
726 3341 800 3396 Huic
815 3342 852 3396 ab
866 3339 1023 3417 auguribus
1036 3339 1107 3396 illud
1120 3339 1197 3397 idem

234 3425 429 3484 denuntiatum
450 3431 501 3481 est.
544 3425 646 3502 ltaque
661 3427 832 3503 Calpurnius
852 3447 918 3485 cum
939 3427 1090 3484 demolitus
1111 3435 1195 3495 esset,

235 3521 449 3592 cognossetque,
476 3512 627 3571 claudium
654 3515 730 3572 aedes
757 3526 857 3593 postea
884 3516 1090 3593 proscripsisse,
1111 3537 1196 3593 quam

234 3609 309 3659 esset
329 3604 366 3660 ab
387 3604 542 3682 auguribus
561 3603 689 3661 demoliri
711 3606 817 3682 jussus,
833 3607 971 3663 arbitrum
991 3606 1071 3662 illum
1090 3606 1196 3685 adegit,

234 3708 414 3756 aureonno
434 3712 511 3750 arur
531 3711 644 3761 usne,
665 3713 810 3753 ηοω
830 3713 1035 3767 orourauun
1053 3713 1096 3752 ax
1116 3713 1199 3754 rrua
