2692 4292
546 315 675 354 11111111.
717 315 784 355 oar.
799 313 827 355 1.
1154 299 1193 357 01

175 451 206 501 et
226 443 275 520 qui
295 443 436 520 principes
455 443 612 502 inveniendi
630 444 755 509 luerunt,
770 462 855 520 quam
876 461 914 500 ex
928 460 1043 519 quaque
1058 441 1143 500 belua

175 523 261 590 usum
275 533 381 590 habere
397 534 691 620 possemusghomines
701 541 778 590 certe
790 534 920 606 luenmt:
935 551 988 589 nec
1002 532 1056 588 hoc
1070 538 1143 588 tem·

175 641 246 698 pore
267 621 325 679 sine
346 622 491 678 hominum
512 641 598 697 opera
612 630 662 679 aut
684 641 800 699 pascere
817 641 874 688 eas,
890 629 941 679 aut
953 622 1078 687 domare,
1092 626 1143 677 aut

107 721 119 737 ²
175 710 258 777 tueri,
270 718 319 768 aut
329 711 513 787 tempestivos
527 711 636 768 fructus
647 730 683 768 ex
696 712 740 767 his
751 729 852 787 capere
863 728 1027 788 possemus:
1042 711 1079 766 ab
1090 709 1142 766 eis·

176 799 301 875 demque
321 807 351 856 et
371 817 421 866 eae,
436 817 502 875 quae
524 807 634 866 nocent,
649 800 861 866 interficiuntur,
876 808 906 856 et
919 817 985 876 quae
998 799 1062 855 usui
1075 817 1141 874 pos·

176 896 244 946 sunt
258 907 327 954 esse,
343 889 500 964 capiuntur.
542 888 617 958 Quid
632 905 794 946 enumerem
808 889 911 946 artium
924 889 1141 954 multitudinem,
1156 892 1175 945 6

176 977 237 1034 sine
250 977 353 1053 quibus
373 978 431 1034 vita
444 977 563 1034 ¹omniuo
587 978 665 1035 nulla
685 996 748 1034 esse
768 978 932 1054 potuisset?
973 977 1048 1046 Quid
1067 977 1144 1034 enim

176 1067 262 1143 aegris
282 1067 452 1134 subveniret,
468 1086 533 1143 quac
553 1074 629 1124 esset
646 1066 800 1124 oblectatio
813 1067 974 1133 valentium,
990 1066 1039 1143 qui
1052 1066 1143 1122 victus

175 1163 228 1212 aut
248 1155 349 1222 cultus,
364 1156 416 1212 nisi
437 1164 495 1213 tam
515 1157 615 1214 multae
637 1156 717 1214 nobis
735 1164 811 1213 artes
829 1157 1024 1223 ministrarent,
1039 1156 1143 1232 quibus

175 1245 263 1302 rebus
276 1246 388 1303 exculta
402 1245 548 1302 hominum
559 1246 617 1302 vita
630 1253 742 1302 tautum
752 1246 866 1302 distata
876 1247 953 1304 victu
963 1253 992 1303 et
1002 1247 1082 1304 cultu
1092 1247 1140 1304 be-

176 1335 316 1392 stiarum?
357 1335 451 1393 Urbes
465 1353 533 1392 vcro
555 1335 614 1392 sine
636 1335 783 1392 hominum
805 1345 884 1392 coetu
905 1355 961 1393 non
984 1333 1175 1412 potuisseut'l

175 1441 229 1481 nec
250 1423 390 1490 aedificari,
406 1443 458 1480 nec
478 1424 668 1500 frequentari:
690 1443 725 1480 ex
739 1444 797 1500 quo
814 1424 893 1502 leges
912 1445 1061 1502 moresque
1075 1444 1141 1483 con-

176 1513 275 1580 stituti,
290 1520 352 1570 tum
364 1513 434 1590 juris
449 1533 532 1590 aequa
545 1513 697 1590 descriptio
711 1522 845 1589 certaque
858 1514 970 1571 vivendi
983 1514 1139 1591 disciplina

176 1604 255 1671 Quas
272 1621 317 1659 res
336 1610 365 1659 et
384 1603 573 1660 mansuetudo
593 1604 750 1660 animorum
768 1610 918 1660 consecuta
931 1611 961 1660 et
973 1603 1175 1661 verecundius

176 1700 239 1750 est:
261 1693 456 1767 effectumque,
472 1700 505 1750 ut
526 1700 601 1750 esset
621 1693 679 1749 vita
698 1681 839 1758 munitior,
854 1700 941 1767 atque
958 1702 992 1749 ut
1005 1692 1099 1749 dando
1113 1698 1144 1748 et

176 1781 340 1858 accipiendo
351 1781 551 1858 mutandisque
561 1781 745 1840 facultatibus
756 1789 786 1838 et
795 1781 1008 1840 commodandis
1020 1781 1099 1838 nulla
1110 1799 1141 1839 re

176 1889 333 1950 egeremus.

216 2050 253 2107 V.
274 2049 429 2126 Longiores
448 2049 504 2106 hcc
524 2049 587 2107 loco
607 2069 714 2117 sumus,
736 2069 822 2126 quam
842 2069 957 2108 necesse
976 2056 1028 2109 est.
1070 2049 1140 2119 Quis

176 2145 222 2197 est
241 2139 322 2206 enim,
339 2139 383 2195 cui
403 2157 459 2195 non
480 2139 629 2216 perspicua
649 2140 704 2196 sint
722 2140 778 2207 illa,
794 2159 860 2216 quae
875 2141 1003 2216 pluribus
1016 2141 1109 2198 verbis
1123 2157 1142 2196 a

176 2229 302 2284 Panaetio
323 2235 586 2298 commemorantur,
603 2229 743 2286 neminem
762 2248 854 2306 neque
874 2229 977 2286 ducem
997 2229 1065 2287 belli
1088 2249 1140 2288 nec

177 2317 332 2394 principem
346 2317 423 2374 domi
444 2335 561 2394 magnas
582 2337 627 2374 res
649 2327 679 2375 et
697 2319 834 2376 salutares
848 2320 907 2376 sine
921 2319 1065 2375 hominum
1080 2325 1139 2376 stu-

177 2407 230 2464 diis
249 2424 347 2485 gerere
367 2406 516 2483 potuisse?
558 2407 805 2464 Commemoratur
822 2408 859 2464 ab
877 2425 912 2463 ec
928 2407 1172 2474 Themistocles,2
1257 2439 1264 2453 ·

176 2497 308 2561 Pericles,
321 2496 423 2572 OyruS,
438 2495 600 2572 Agesilaus,
612 2495 787 2563 Alexander,
799 2515 871 2572 quos
884 2503 971 2573 negat
984 2495 1044 2551 sine
1058 2496 1139 2572 adju-

177 2585 278 2642 mentis
300 2585 445 2641 hominum
468 2593 561 2641 tantas
582 2603 626 2642 res
650 2585 760 2642 efficere
780 2585 915 2662 potuisse.
956 2584 1096 2642 Utiturin
1109 2603 1140 2642 re

176 2693 233 2730 non
247 2673 333 2731 dubia
346 2674 466 2731 testibus
480 2692 536 2730 non
550 2674 721 2730 necessariis.

217 2764 314 2838 Atque
334 2771 367 2820 ut
386 2781 504 2840 magnas
524 2762 660 2819 utilitates
675 2762 855 2839 adipiscimur
868 2763 1074 2841 conspiratione
1087 2764 1138 2822 ho·
1153 2769 1171 2822 1

107 2893 111 2898 -
177 2851 284 2908 minum
298 2859 383 2927 atque
394 2870 549 2908 consensu:
572 2852 612 2908 sic
626 2852 704 2909 nulla
718 2859 777 2909 tam
791 2853 965 2911 detestabilis
984 2855 1071 2930 pestis
1085 2862 1137 2922 111,

177 2960 242 3016 quae
266 2959 321 2997 non
339 2941 444 2998 homini
457 2941 493 2998 ab
507 2941 620 2998 homine
634 2949 775 2999 nascatur.
816 2942 869 2999 Est
889 2939 1049 3002 Dicaearchi
1068 2944 1172 3002 liber4

178 3029 214 3086 de
228 3030 341 3087 interitu
354 3030 509 3097 hominnm,
524 3031 705 3107 Peripatetici
718 3031 813 3109 magni
827 3040 856 3088 et
869 3033 993 3110 copiosi:
1017 3032 1066 3110 qui
1080 3034 1137 3092 col-

177 3117 257 3176 lectis
278 3119 376 3176 ceteris
398 3118 498 3185 causis,
521 3119 665 3188 eluvionia
687 3121 864 3196 pestilentiae,
879 3123 1025 3190 vastitatis,
1041 3124 1139 3181 belua-

177 3208 332 3264 rumetiam
341 3207 496 3284 repentiuae
506 3208 703 3276 multitudinis,
711 3229 831 3286 quarum
844 3211 953 3288 impetu
963 3212 1048 3270 docet
1058 3231 1137 3289 quae·

178 3295 244 3354 dam
266 3297 410 3354 hominum
431 3315 536 3373 genera
556 3315 618 3354 1111
643 3307 828 3376 consumpta;
856 3301 958 3358 deinde
982 3307 1137 3377 comparat,

177 3393 283 3462 quanto
305 3386 400 3462 plures
419 3385 505 3443 deleti
526 3386 582 3444 sint
602 3387 730 3444 homines
743 3389 888 3446 hominum
901 3391 1019 3466 impetu,
1034 3390 1064 3446 id
1084 3394 1136 3457 est,

177 3475 257 3534 bellis
271 3483 321 3532 aut
335 3475 525 3542 seditionibus,
540 3495 625 3552 quam
639 3477 715 3542 omni
728 3477 836 3554 reliqua
849 3478 1016 3535 calamitate.

217 3642 292 3702 Ounr
312 3642 399 3722 igitur
420 3641 466 3700 hic
487 3641 567 3700 locus
587 3643 655 3702 nihil
676 3643 783 3704 habeat
795 3642 987 3711 dubitationis,
1001 3642 1069 3720 quin
1085 3643 1170 3706 hot

669 3737 688 3791 a
744 3771 750 3781 .
