2692 4292
471 386 556 424 nnesa
569 387 589 425 1.
630 387 696 426 cnr.
711 387 814 426 xxxin.
1109 369 1147 426 48

125 513 277 590 quoddam
299 513 461 572 institutum
483 523 710 591 consequantur:
734 516 910 591 maximeque
930 513 959 572 in
979 534 1014 572 eo
1034 513 1094 591 ple·

124 623 249 680 rumque
264 603 412 660 elaborant
426 603 452 670 ii,
467 604 515 680 qui
529 623 633 681 magna
647 605 700 662 sibi
713 613 884 682 proponunt,
900 603 1012 662 obscuri
1041 603 1096 661 orti

124 693 293 770 majoribus.
335 692 406 750 Haec
427 693 512 770 igitur
529 694 629 760 omnia,
645 713 711 751 cum
725 695 886 771 quaerimus,
901 693 970 770 quid
984 623 1093 775 deest,
1110 692 1127 751 7

125 782 280 860 complecti
295 781 388 838 animo
401 789 431 839 et
444 783 612 860 cogitatione
627 784 773 842 debemus.

168 871 203 928 In
224 871 320 948 primis
341 879 437 930 autem
460 873 690 930 constituendum
710 880 762 941 est,
783 892 856 950 quos
875 892 927 930 nos
947 879 977 930 ct
996 873 1126 950 quales8

126 979 190 1018 esse
211 962 339 1030 velimus
361 969 390 1019 et
413 962 518 1039 inquo
542 981 645 1039 genere
665 963 750 1020 vitae:
779 982 845 1039 quae
864 963 1029 1020 deliberatio
1050 968 1095 1019 est

66 1091 70 1098 -
125 1051 256 1108 omnium
281 1051 450 1109 difficillima.
492 1052 613 1109 Ineunte
637 1053 712 1110 enim
735 1051 933 1118 adolescentia,
959 1071 1025 1110 cum
1048 1057 1127 1110 estt

125 1140 252 1196 maxima
270 1140 446 1198 imbecillitas
466 1140 580 1207 consilii,
596 1149 658 1199 tum
672 1141 701 1199 id
716 1142 768 1199 sibi
782 1142 900 1219 quisque
920 1159 1011 1219 genus
1026 1147 1093 1197 aeta-

128 1230 165 1288 tis
179 1229 318 1308 degendae
333 1231 485 1298 constituit,
497 1230 574 1307 quod
589 1231 711 1289 maxime
724 1232 876 1289 adamavit.
911 1231 1014 1308 Itaque
1027 1238 1111 1326 ante)

126 1319 289 1397 implicatur
310 1319 404 1396 aliquo
428 1327 506 1377 certo
528 1338 632 1398 genere
653 1339 794 1397 cursuque
807 1320 927 1387 vivendi,
941 1339 1028 1396 quam
1042 1339 1093 1397 po-

126 1409 191 1474 tuit,
207 1408 284 1484 quod
305 1410 445 1486 optimum
465 1417 548 1476 esset,
568 1409 704 1486 judicare.
745 1411 822 1468 Nam
841 1408 918 1486 quod
939 1410 1092 1468 Herculem
1108 1415 1146 1468 10

126 1497 291 1556 Prodicium
309 1498 408 1556 dicunt
424 1497 469 1577 (ut
483 1506 527 1556 est
541 1498 619 1576 apud
638 1497 871 1576 Xenophontem)
886 1517 951 1554 cum
971 1499 1094 1575 primum

127 1589 297 1664 pubesceret
322 1585 413 1665 (quod
435 1595 550 1665 tempus
574 1607 592 1644 a
610 1596 713 1646 natura
733 1587 771 1644 ad
784 1587 986 1666 deligendum,
1007 1606 1094 1663 quam

127 1677 247 1754 quisque
268 1677 342 1735 viam
360 1678 473 1735 vivendi
493 1678 529 1735 sit
549 1678 736 1756 ingressurus,
758 1677 857 1734 datum
878 1674 934 1753 est)
955 1677 1045 1734 exisse
1064 1676 1094 1735 in

127 1767 316 1835 solitudinem,
333 1773 419 1844 atque
443 1768 482 1825 ibi
502 1768 648 1825 sedentem
664 1767 714 1824 diu
732 1785 829 1824 secum
848 1767 1027 1842 multumque
1041 1767 1093 1824 du-

126 1856 243 1926 bitasse,
259 1877 325 1914 cum
347 1857 418 1914 duas
442 1863 569 1914 comeret
591 1857 658 1924 vias,
680 1875 767 1913 unam
786 1856 960 1932 Voluptatis,
976 1856 1094 1914 alteram

127 1947 258 2014 Virtutis,
273 1953 366 2004 utram
379 1946 489 2024 ingredi
502 1946 602 2003 melius
616 1952 692 2003 esset
703 1965 710 2013 ;
731 1945 786 2004 hoo
801 1946 924 2013 Herculi,
935 1945 1015 2004 Joris
1028 1953 1093 2004 satu
1109 1953 1144 2005 11

127 2036 213 2102 edito,
236 2035 330 2114 potuit
350 2036 470 2092 fortasse
492 2035 671 2113 contingere:
695 2036 778 2093 nobis
796 2055 853 2092 non
872 2036 949 2103 item,
964 2036 1013 2112 qui
1032 2037 1092 2094 imi-

127 2132 231 2192 tamur,
248 2144 320 2201 quos
341 2125 442 2200 cuique
456 2125 548 2181 visum
562 2132 613 2192 est,
629 2133 715 2202 atquc
735 2125 772 2182 ad
793 2144 892 2183 corum
908 2126 1003 2183 studia
1015 2126 1092 2184 insti·

128 2222 247 2292 tutaque
261 2214 446 2290 impellimur;
467 2189 644 2291 plerumun
647 2222 753 2282 autem,
768 2222 918 2292 parentum
940 2216 1092 2293 praeceptis
1107 2221 1153 2274 121

126 2305 238 2371 imbuti,
249 2305 286 2378 ad
300 2323 397 2361 eorum
409 2303 641 2362 consuetudinem
652 2307 819 2382 moremque
827 2305 1002 2362 deducimur.
1033 2306 1092 2363 Alii

126 2393 315 2452 multitudinis
333 2392 440 2470 judicio
459 2394 597 2460 feruntur,
613 2413 735 2472 qumque
748 2395 849 2472 majori
869 2395 943 2471 parti
961 2395 1092 2470 pulcher-

127 2484 198 2540 rima
211 2483 351 2551 videntur,
367 2501 401 2540 ea
414 2483 536 2540 maxime
550 2490 659 2560 optant.
701 2483 838 2541 Nonnulli
850 2489 946 2539 tamen
960 2483 1018 2540 sive
1031 2483 1090 2540 feli·
1107 2488 1143 2540 13

127 2573 213 2630 citate
234 2572 366 2648 quadam,
389 2572 448 2630 sive
471 2572 598 2640 bonitate
622 2579 739 2638 naturae,
761 2572 820 2628 sive
840 2578 990 2649 parentum
1011 2571 1091 2629 disci-

127 2663 213 2739 plina,
228 2668 334 2719 rectam
349 2661 415 2718 vitre
434 2661 524 2718 secuti
538 2668 604 2718 sunt
617 2661 700 2718 riam.
741 2661 881 2718 XXXIII.
904 2661 980 2718 Illud
994 2669 1091 2719 autem
1121 2691 1341 2719 --......

126 2751 247 2808 maxime
256 2769 351 2807 rarum
361 2757 500 2828 genusest
509 2769 615 2817 eorum,
624 2750 671 2826 qui
680 2758 730 2807 aut
738 2751 1002 2829 excellenteingenii
1011 2770 1090 2830 mag-

127 2841 262 2907 nitudine,
275 2847 324 2897 aut
339 2840 475 2916 praeclara
488 2838 645 2897 eruditione
660 2849 746 2917 atque
761 2841 896 2908 doctrina,
908 2850 959 2898 aut
969 2850 1090 2918 utraque

127 2949 156 2986 re
179 2929 278 2996 ornati,
302 2929 425 3007 spatium
446 2929 532 2986 ctiam
554 2928 728 2987 deliberandi
751 2930 920 2999 habuerunt,
934 2950 1020 3007 quem
1040 2952 1089 3010 po·

127 3019 267 3077 tissimum
279 3019 345 3076 ritae
359 3037 474 3076 cursum
492 3019 572 3096 sequi
585 3020 705 3077 vellent:
726 3019 756 3076 in
769 3039 826 3096 qua
839 3019 1038 3079 deliberatione
1052 3020 1121 3080 ad'2

127 3127 208 3168 suam
233 3108 370 3185 cujusque
393 3114 523 3165 naturam
547 3109 693 3166 consilium
717 3116 763 3166 est
785 3127 869 3166 omne
888 3109 1087 3168 revocandum.

127 3199 203 3256 Nam
231 3217 296 3255 oum
323 3197 351 3254 in
375 3197 513 3265 omnibus
539 3216 605 3273 quae
631 3205 765 3276 aguntur,
790 3217 825 3255 ex
852 3217 894 3266 eo,
918 3219 976 3276 quo
1002 3200 1121 3257 modos

126 3289 245 3365 quisque
264 3293 413 3344 natusest
433 3284 478 3364 (ut
492 3286 701 3363 supradictum
716 3286 771 3366 est)
786 3287 855 3365 quid
870 3289 978 3357 deceat,
992 3289 1088 3365 exqui-

125 3377 231 3443 rimus;
252 3383 314 3432 tum
335 3375 364 3432 in
384 3381 445 3432 tota
460 3375 517 3431 vita
532 3375 737 3443 constituenda,
753 3378 844 3435 multo
857 3385 902 3435 est
916 3397 985 3436 cura
997 3378 1089 3453 major

126 3465 295 3532 adhibenda,
317 3470 350 3521 ut
373 3471 502 3522 constare
522 3464 550 3521 in
570 3465 636 3522 vitae
659 3467 850 3543 perpetuitate
874 3468 1014 3544 possimus
1038 3483 1087 3521 no·

126 3555 227 3612 bismet
247 3553 325 3630 ipsis,
339 3571 391 3610 nec
410 3553 438 3609 in
451 3553 510 3610 ullo
524 3555 614 3612 officio
629 3554 796 3613 claudicare.
837 3555 887 3611 Ad
902 3557 975 3611 hanc
989 3559 1120 3612 autem4

126 3643 262 3700 rationem
281 3643 413 3718 quoniam
433 3642 586 3700 maximam
599 3644 656 3701 vim
669 3646 772 3701 natura
785 3644 881 3709 habet,
895 3643 1009 3699 fortuna
1022 3661 1087 3719 pro·

127 3730 245 3801 ximam3
266 3731 413 3808 utriusque
426 3732 539 3790 omnino
552 3733 685 3792 habenda
694 3733 766 3790 ratio
775 3738 820 3789 est
832 3731 862 3788 in
874 3730 1025 3810 deligendo
1037 3751 1088 3812 ge-
