2692 4292
169 291 209 346 10
578 303 616 344 nu
636 303 765 344 omens

139 493 150 514 .
222 431 273 490 tim
292 437 359 490 sunt
378 431 506 498 inanima,
522 439 555 490 ut
574 451 684 498 aurum,
697 439 858 510 argentum,
872 439 962 500 11111,
975 451 1042 510 qum
1056 432 1189 511 gignm

222 529 269 580 tur
290 539 306 579 e
325 528 408 587 terra,
422 528 455 578 ut
476 522 531 580 alia
552 521 662 599 generis
676 521 821 606 ejusdem:
843 521 948 598 partim
961 522 1098 589 animalia,
1112 541 1188 598 quae

220 609 327 668 habent
340 629 406 668 suos
419 611 541 687 impetus
555 619 584 668 et
597 629 691 668 rerum
703 610 855 686 appetitus.
896 611 1004 668 Eorum
1016 617 1112 668 autem
1125 611 1191 668 alia

189 699 334 758 9111111111
354 700 482 776 expertia
503 699 647 766 cuntulit
664 699 772 756 ratione
784 699 900 756 utentia
941 699 1081 775 Expertes
1094 700 1188 757 ratio·

220 788 271 856 nis,
286 788 359 864 equi,
374 788 468 854 boves,
483 789 599 864 reliquae
624 788 756 864 pecudes,
777 806 855 864 apes,
871 806 992 863 quarum
1012 807 1097 866 opere
1121 790 1188 846 effi-

170 883 207 936 10
222 878 295 936 citur
308 877 412 953 aliquid
425 877 462 934 ad
476 896 559 934 usum
573 877 718 934 hominm
732 884 817 952 atque
827 877 923 934 vitam.
950 877 1071 934 Ratione
1083 886 1188 935 autem

220 967 361 1025 utentium
374 965 432 1022 duo
451 984 556 1043 genere
574 972 692 1042 ponunt,
707 965 826 1022 deorum
844 965 942 1031 uudm,
955 966 1077 1023 alterum
1090 967 1187 1023 homi·

220 1073 296 1113 uum.
339 1055 415 1112 Deos
437 1055 563 1130 placatos
587 1055 678 1130 pietas
699 1054 801 1111 efficiet
822 1060 852 1111 et
872 1054 1024 1112 sanctitas:
1052 1055 1187 1132 proxime

170 1149 204 1202 11
221 1152 316 1201 autem
335 1150 365 1200 et
385 1143 541 1200 secundum
561 1143 629 1200 deos
649 1143 825 1201 homines
845 1143 1066 1201 hominibus
1085 1162 1187 1200 max·

219 1233 290 1290 ime
310 1231 433 1288 utiles
454 1250 515 1288 esse
535 1239 663 1308 possum.
708 1232 871 1308 Eurumque
896 1232 966 1289 item
988 1250 1186 1308 rerumquae

219 1328 338 1378 noceant
352 1327 381 1378 et
394 1319 496 1386 obsint,
511 1320 612 1377 eadem
630 1321 731 1378 divisio
750 1329 803 1379 est.
844 1320 903 1378 Sed
916 1321 983 1397 quia
995 1321 1064 1379 deos
1077 1339 1187 1378 nocere

218 1427 275 1468 uon
289 1417 399 1486 putant,
411 1409 454 1466 his
464 1409 598 1486 exceptis,
609 1409 738 1468 homines
747 1409 906 1468 hominibus
916 1411 1016 1468 obesse
1027 1410 1188 1488 plurimum

218 1499 398 1558 arbitrantur.

168 1593 206 1647 12
258 1589 300 1646 Ea
321 1588 394 1646 enim
416 1589 486 1665 ipsa,
501 1607 567 1664 quae
589 1586 712 1646 inanima
732 1587 863 1654 diximus,
884 1587 1019 1664 pleraque
1040 1595 1105 1644 sunt
1126 1589 1185 1645 ho-

219 1679 325 1736 minum
339 1679 432 1755 operis
445 1678 553 1744 effecta,
568 1697 633 1752 quae
648 1697 701 1734 uec
714 1673 897 1743 haberemus:
906 1677 958 1734 nisi
975 1696 1075 1734 manus
1088 1684 1119 1734 et
1132 1695 1186 1734 ara

218 1768 399 1824 accessisset:
420 1785 472 1824 nec
486 1767 529 1824 his
543 1766 601 1822 sine
615 1766 761 1824 hominum
773 1766 1012 1824 administratione
1025 1773 1183 1824 uteremur.

168 1861 203 1914 1³
219 1855 320 1930 Neque
334 1855 407 1912 enim
420 1853 588 1912 valetudinis
609 1855 725 1922 curatio,
739 1873 831 1932 neque
848 1855 999 1933 navigatio,
1013 1873 1103 1930 neque
1117 1855 1185 1933 agri

219 1945 338 2010 cultura,
360 1961 454 2018 neque
474 1944 590 2021 frugum
614 1944 816 2021 fructuumque
839 1945 1009 2021 reliquorum
1033 1944 1184 2021 perceptio

167 2037 204 2090 14
219 2038 255 2089 et
268 2031 442 2088 conservatio
456 2033 514 2090 sine
528 2033 675 2090 hominum
689 2051 776 2109 opera
789 2033 848 2090 nlla
860 2051 923 2091 esse
937 2033 1082 2110 potuisset
1109 2032 1182 2090 Jam

218 2139 285 2178 vero
305 2127 335 2178 et
354 2139 451 2178 earum
470 2139 574 2187 rerum,
595 2121 699 2199 quibus
718 2122 937 2188 abundarem,
958 2121 1125 2198 exportatio,
1148 2128 1183 2179 11

219 2227 324 2277 earum,
338 2209 442 2286 quibus
462 2229 620 2288 egeremus,
635 2211 764 2277 invectio,
779 2219 856 2268 certe
873 2210 952 2267 nulla
970 2218 1054 2277 esset,
1068 2211 1181 2268 nisibis

168 2305 204 2358 1t
218 2300 380 2356 muneribus
394 2299 520 2358 homines
530 2300 724 2377 fungerentur.
752 2300 917 2376 Eademque
927 2299 1035 2356 ratione
1044 2318 1096 2356 nec
1105 2300 1178 2376 lapi-

218 2388 269 2446 des
289 2397 400 2446 eterra
420 2389 615 2448 exciderentur
634 2389 671 2446 ad
695 2407 781 2445 usum
802 2397 931 2446 nostrum
954 2388 1110 2454 necessarii,
1131 2407 1180 2445 mc

209 2479 331 2553 serrum,
354 2498 398 2546 ccc,
420 2498 533 2544 aarum,
554 2486 701 2552 arpentum
719 2477 890 2536 effoderetur
909 2479 1023 2551 penitus
1041 2479 1176 2544 abditum,

217 2567 276 2625 eine
298 2569 443 2626 hominum
464 2568 560 2627 labore
580 2577 610 2626 et
630 2586 725 2624 manu
767 2567 928 2624 IV.»Tecta
940 2585 1016 2632 vero,
1030 2566 1133 2642 quibus
1147 2574 1178 2623 et

217 2655 356 2732 frigorum
367 2657 408 2712 vis
419 2657 578 2732 pelleretur,
590 2663 620 2714 et
630 2657 756 2714 calorum
768 2656 906 2713 molestiae
918 2655 1092 2721 sedareutrn,
1101 2655 1177 2712 unde

216 2750 267 2800 aut
287 2744 363 2800 initio
381 2746 476 2821 generi
495 2745 620 2803 humano
638 2745 699 2803 deri
718 2745 883 2822 potuissent,
898 2753 950 2802 aut
963 2753 1062 2822 postea
1075 2745 1175 2801 subve-

217 2832 277 2898 niri,
292 2832 316 2888 si
329 2839 379 2888 aut
392 2832 419 2888 vi
435 2834 611 2909 tempestatis
625 2841 677 2890 aut
695 2842 780 2891 terrm
792 2843 874 2891 motu
886 2842 937 2890 aut
949 2839 1091 2890 vetustate
1105 2832 1175 2889 ceci·

216 2919 332 2986 dissent,
346 2920 397 2976 uisi
411 2921 566 2978 communis
579 2922 637 2980 vita
650 2924 688 2981 ab
701 2923 861 2980 hominibus
874 2924 975 2980 harum
988 2939 1083 2978 rerum
1096 2919 1175 2977 auxi-

182 3017 201 3070 2
215 3009 254 3066 lia
263 3017 359 3085 petere
370 3007 535 3067 didicisset?
555 3011 642 3068 Adde
652 3012 757 3069 ductus
768 3031 914 3088 uquarum,
925 3010 1113 3068 derivationes
1122 3009 1175 3066 flu-

214 3097 331 3164 minum,
340 3115 472 3174 agrorum
480 3098 662 3177 irrigationes,
672 3101 763 3158 moles
769 3101 916 3178 oppositas
923 3099 1066 3165 ductibus,
1075 3109 1176 3175 portus

215 3203 302 3243 manu
320 3186 419 3252 factos,
434 3205 500 3262 quae
518 3187 595 3246 unde
614 3189 672 3246 sine
690 3189 836 3247 hominum
855 3207 941 3266 opere
960 3189 1064 3246 habere
1079 3206 1175 3264 posse-

184 3281 202 3334 8
216 3274 302 3332 mins?
335 3275 378 3331 Ex
392 3275 495 3351 quibus
507 3277 659 3352 multisque
672 3278 732 3334 aliis
747 3278 927 3354 perspicuum
940 3285 992 3344 est,
1003 3277 1053 3353 qui
1065 3277 1176 3334 fructus

216 3382 336 3441 quasque
349 3363 484 3420 utilitates
498 3383 533 3420 ex
546 3364 631 3422 rebus
644 3365 686 3432 iis,
701 3385 765 3442 quae
780 3375 848 3423 suut
865 3366 1006 3432 inanimae,
1020 3366 1175 3442 percipiun-

202 3459 257 3519 tur,
278 3471 326 3510 eas
350 3471 401 3510 nos
424 3451 503 3509 nullo
526 3451 610 3509 modo
634 3453 693 3510 sine
714 3453 858 3512 hominum
877 3473 964 3512 manu
982 3460 1069 3528 atque
1088 3471 1177 3530 opera

183 3545 201 3597 4
216 3559 316 3618 capere
339 3541 471 3620 potuisse.
514 3540 569 3609 Qui
589 3539 710 3617 denique
731 3561 767 3600 ex
786 3544 882 3602 bestiis
901 3544 1020 3610 fructus,
1039 3549 1089 3599 aut
1108 3561 1174 3618 quoe
1251 3538 1263 3580 ἶ

183 3635 201 3688 t
216 3631 410 3700 commoditas,
423 3630 476 3690 nisi
493 3629 618 3690 homiues
632 3631 809 3710 adjurarent,
822 3633 930 3711 percipi
943 3632 1063 3711 posset?
1097 3631 1176 3690 Nam
