2692 4292
155 277 195 336 28
570 287 607 330 nn
629 287 757 330 oratam

173 423 193 480 4
246 417 282 479 Id
304 428 401 478 autem
420 420 514 497 ipsum
533 419 658 476 censitur
670 419 700 476 in
713 417 836 482 (luobus,
852 415 876 474 si
889 422 920 473 ct
933 413 1027 474 solum
1039 413 1078 481 id,
1093 412 1178 492 quod

205 511 356 568 honestum
370 509 414 576 sit,
430 511 535 568 bonum
547 507 666 586 judices,
678 515 709 565 et
721 508 758 565 ab
771 507 847 564 omni
860 505 945 562 animi
958 505 1178 581 perturbatione

173 599 335 658 clibanis.
376 599 453 656 Nam
475 605 504 655 et
526 615 568 664 ea,
584 615 650 674 quae
663 596 765 654 eximia
785 595 928 672 plerisque
941 600 972 651 et
981 594 1120 671 praeclara
1131 593 1177 650 vi·

205 689 316 756 deutur,
341 705 429 766 parva
453 687 565 754 ducere,
586 705 678 764 eaque
701 686 809 742 ratione
832 684 928 742 stabili
948 683 1084 759 firmaque
1105 699 1176 740 oon·

205 785 340 846 temnere,
354 777 435 836 fortis
458 777 544 834 animi
564 776 718 854 magnique
738 773 902 832 ducendum
921 781 984 832 est:
1005 780 1035 830 et
1048 790 1091 838 ea,
1105 789 1177 849 quae

206 867 339 926 videntur
359 868 470 934 acerba,
485 885 550 944 quaa
570 866 661 922 multa
680 872 711 924 at
730 864 808 921 varia
827 863 856 922 in
877 863 1024 920 hominum
1037 862 1096 919 vita
1114 861 1174 918 for·

206 963 330 1033 lunaque
344 963 500 1023 versantur,
516 955 556 1014 ita
577 955 707 1022 ferrent
728 953 799 1011 nihil
820 971 839 1008 a
860 960 940 1010 statu
959 959 1069 1008 natura
1081 950 1174 1008 disce·

207 1045 268 1116 tlas,
283 1045 351 1103 nihil
364 1065 382 1102 a
395 1045 535 1122 dignitate
549 1043 693 1120 sapientis,
707 1042 817 1102 robusti
835 1041 921 1100 animi
939 1048 990 1099 est·
1003 1057 1174 1118 magnaque

174 1135 380 1194 beonstantiae.
422 1135 489 1192 Non
511 1140 555 1190 est
578 1140 677 1192 autem
698 1139 927 1198 consentaneum,
948 1130 999 1207 qui
1017 1136 1097 1186 metu
1115 1147 1175 1186 non

206 1224 362 1302 frangatur,
378 1241 443 1280 eum
462 1222 554 1300 frangi
575 1223 748 1300 cupiditate;
769 1240 830 1289 nec,
845 1220 895 1299 qui
907 1220 1043 1278 invictum
1056 1237 1087 1276 se
1100 1237 1118 1276 a
1131 1218 1172 1276 la-

174 1311 276 1372 'tbore
300 1311 471 1390 praestiterit,
486 1311 559 1369 vinci
578 1329 597 1369 a
616 1313 773 1389 voluptate.
814 1311 908 1380 Quam
928 1312 966 1369 ob
988 1329 1049 1367 rem
1061 1316 1092 1366 et
1108 1309 1172 1366 haec

205 1401 336 1469 videnda,
351 1409 381 1460 at
395 1402 522 1481 pecuniae
534 1401 671 1480 fugienda
684 1402 833 1479 cupiditas.
875 1401 954 1458 Nihil
968 1401 1043 1458 enim
1056 1406 1100 1456 est
1112 1406 1172 1455 tam

130 1495 141 1510 “
206 1493 320 1572 angusti
333 1492 419 1550 animi
432 1499 548 1570 tamque
570 1492 658 1570 parvi,
674 1510 762 1568 quam
782 1509 877 1548 amare
891 1491 1020 1557 divitias;
1041 1489 1109 1546 nihil
1120 1489 1171 1546 ho-

207 1583 315 1640 nestius
342 1581 623 1661 magnificentiusque
648 1599 735 1658 quam
762 1581 912 1660 pecuniam
939 1588 1127 1646 coutemuere,
1149 1577 1174 1634 si

207 1691 263 1730 nou
276 1673 391 1740 habeas,
404 1672 428 1729 si
441 1673 556 1738 habeas
568 1670 606 1728 ad
616 1671 831 1728 beneficentiam
844 1670 1097 1746 liberalitatemque
1107 1686 1173 1725 con-

175 1760 288 1818 8ferrc.
330 1761 465 1818 Cavenda
489 1761 575 1818 etiam
596 1767 640 1818 est
663 1760 763 1838 gloriae
783 1760 933 1838 cupiditas,
947 1765 981 1816 ut
1000 1778 1087 1837 supra
1106 1757 1172 1815 dixi.

208 1849 300 1926 Eripit
319 1849 394 1906 enim
412 1849 582 1917 libertatem,
597 1869 650 1926 pro
664 1869 722 1926 qua
741 1849 927 1929 magnanimis
940 1849 1006 1906 viris
1020 1848 1110 1906 omnis
1124 1847 1173 1904 de-

176 1938 193 1998 9
208 1939 258 1996 bet
277 1956 339 1996 esse
360 1939 509 1998 contentio.
550 1940 613 1998 Nec
628 1958 696 1997 vero
715 1940 835 2017 imperia
847 1939 1016 2016 expetenda,
1032 1958 1066 1995 ac
1080 1937 1174 2015 potius

209 2035 335 2085 autnon
358 2028 521 2105 accipienda
541 2028 694 2098 interdum,
709 2036 761 2086 aut
781 2028 951 2107 deponenda
963 2045 1173 2105 nonnunquam.

156 2123 195 2176 1o
209 2116 379 2174 Vacandum
392 2127 490 2176 autem
511 2119 586 2176 omni
608 2126 652 2179 est
672 2119 759 2176 animi
781 2117 1001 2195 perturbatione,
1016 2137 1082 2174 cum
1095 2114 1174 2193 cupi-

209 2206 297 2264 ditate
318 2215 347 2264 et
368 2214 455 2275 metu,
470 2215 533 2266 tum
552 2208 637 2266 etiam
652 2208 822 2286 aegritudine
836 2215 866 2266 et
878 2209 1026 2283 voluptate
1047 2206 1132 2263 ammi
1144 2211 1176 2262 et

208 2296 367 2365 iracundia;
389 2303 422 2355 ut
435 2297 620 2374 tranquillitas
634 2297 720 2354 animi
730 2306 759 2355 et
772 2298 908 2355 securitas
921 2297 1004 2363 adsit,
1013 2315 1078 2373 quae
1092 2296 1176 2352 affert

157 2387 192 2444 11
209 2405 275 2444 cum
298 2388 493 2455 constantiam,
509 2395 571 2444 tum
595 2388 680 2444 etiam
704 2386 881 2464 dignitatem.
923 2386 1007 2443 Multi
1028 2393 1124 2443 autem
1145 2392 1175 2443 ct

208 2485 282 2544 sunt,
298 2485 327 2535 at
346 2479 470 2545 fuerunt,
485 2477 533 2554 qui
553 2496 625 2544 eam,
641 2495 728 2554 quam
749 2476 821 2543 dico,
836 2477 1069 2552 tranquillitatem
1088 2493 1174 2552 erpe-

209 2574 342 2635 tautes,a
362 2567 482 2645 negotiis
504 2568 624 2644 publicis
646 2585 678 2624 se
698 2567 876 2633 removerint,
891 2566 928 2623 ad
949 2565 1095 2642 otiumque
1109 2585 1173 2643 per·

209 2653 341 2734 lugerint.
383 2658 418 2714 In
428 2657 471 2713 his
482 2665 511 2713 et
525 2657 688 2716 nobilissimi
702 2656 864 2734 philosophi
877 2657 1019 2733 longeque
1034 2656 1174 2732 principes

209 2752 239 2803 et
249 2746 364 2823 quidam
376 2745 503 2802 homines
514 2747 604 2803 severi
618 2754 647 2804 et
660 2765 763 2824 graves
773 2765 825 2802 nec
840 2746 938 2823 populi
949 2764 1000 2802 nec
1015 2745 1174 2822 principum

209 2853 301 2892 mores
323 2835 396 2891 ferre
419 2841 590 2912 potuerunt:
613 2836 799 2912 vixeruntque
819 2835 947 2893 nonnulli
965 2835 996 2891 in
1017 2835 1101 2912 agris,
1124 2834 1173 2891 de-

159 2929 194 2983 12
209 2922 305 2982 lectati
319 2943 348 2980 re
363 2942 415 2980 sua
428 2922 565 2982 familiari.
607 2925 660 2981 llis
674 2924 750 2981 idem
772 2925 948 3002 propositum
962 2924 1024 2990 fuit,
1039 2924 1117 3000 quod
1130 2944 1175 2982 re·

209 3014 301 3090 gibus,
316 3019 349 3069 ut
370 3031 406 3070 ne
426 3031 483 3090 qua
504 3031 535 3070 re
557 3021 681 3091 egerent,
697 3034 733 3072 ne
747 3015 793 3072 cui
807 3022 948 3091 parerent,
962 3014 1092 3072 libertate
1111 3021 1173 3072 ute·

209 3110 323 3160 rentur:
346 3102 428 3179 cujus
443 3103 588 3180 proprium
603 3110 647 3160 est
660 3103 699 3160 sic
713 3103 815 3172 vivere,
830 3111 864 3161 ut
877 3105 955 3162 velis.

249 3280 327 3337 XXI.
344 3280 446 3348 Quare,
454 3300 518 3338 cum
527 3281 582 3338 hoc
589 3300 738 3339 commune
747 3282 782 3339 sit
791 3285 926 3360 potentia
933 3283 1100 3360 cupidorum
1110 3301 1176 3340 cum

212 3371 252 3439 iis,
267 3389 338 3448 quos
352 3369 418 3436 dixi,
429 3370 541 3427 otiosis:
562 3371 643 3428 alteri
664 3389 695 3428 se
709 3371 829 3449 adipisci
846 3374 875 3431 id
895 3393 978 3451 posse
992 3374 1174 3440 arbitrantur,

210 3461 234 3518 si
255 3479 324 3539 opes
345 3478 463 3538 magnas
484 3458 623 3534 habeant:
646 3460 735 3526 alteri,
752 3463 779 3522 si,
795 3465 921 3521 contenti
943 3464 998 3520 siut
1019 3472 1049 3519 et
1069 3481 1130 3528 suo,
1145 3470 1176 3518 et

179 3555 307 3628 lparvo.
349 3550 384 3607 In
405 3568 464 3626 quo
485 3557 650 3606 neutrorum
673 3550 786 3607 omnino
808 3552 1014 3610 contemnenda
1036 3551 1175 3609 sententia

211 3646 271 3696 est:
286 3639 338 3698 sed
352 3646 381 3697 et
395 3639 502 3697 facilior
512 3646 541 3696 et
555 3639 643 3696 tutior
657 3646 687 3696 et
700 3639 792 3698 minus
806 3642 867 3698 aliis
880 3643 976 3719 gravis
989 3649 1042 3700 aut
1053 3641 1175 3698 molesta
