2692 4292
510 369 595 410 naua
608 363 650 410 m·
692 365 759 412 oar.
774 371 815 412 vn
1129 359 1168 416 08

154 502 305 573 pertatem,
320 495 456 563 dolorem,
471 498 648 558 amissionem
664 500 749 563 etiam
763 501 925 568 liberorum,
941 500 1114 580 propinquo·

61 601 76 620 ·
154 605 228 652 rum,
250 586 414 653 amicorum,
438 605 523 662 quam
546 587 639 645 faeere
664 589 788 665 cuipiam
812 591 951 667 injuriam.
993 592 1024 648 Si
1045 594 1114 652 nihil
1129 598 1168 656 14

154 675 298 732 existimat
312 683 410 732 eontra
423 683 554 733 naturam
567 678 626 734 fieri
639 678 800 736 hominibus
813 680 956 746 violandis,
968 680 1036 758 quid
1050 701 1116 740 eum

154 783 189 822 eo
203 764 333 830 disseras,
348 765 395 840 qui
409 766 522 822 omnino
535 766 679 824 hominem
693 786 729 824 ex
742 768 854 825 homine
867 770 972 826 tollat?
1006 771 1057 828 Sin
1069 772 1114 847 in·
1130 779 1167 832 15

153 853 292 932 giendum
315 853 345 910 id
367 854 482 929 quidem
505 863 609 922 censet,
622 856 677 914 sed
694 857 788 914 multo
799 857 848 914 illa
861 857 969 933 pejora,
983 867 1115 928 mortem,

154 949 364 1019 paupertatem,
379 943 523 1010 dolorem;
544 951 620 1001 errat
633 944 661 1000 in
676 964 719 1012 eo,
733 945 812 1020 quod
825 945 914 1002 ullum
927 953 978 1003 aut
991 948 1116 1024 eorporis

153 1039 206 1088 aut
218 1031 340 1089 fortunae
354 1032 452 1090 vitium
465 1033 538 1091 vitiis
552 1033 636 1090 ammi
649 1034 764 1112 gravius
777 1034 929 1094 existimat.

194 1210 248 1268 VI.
263 1211 340 1289 Ergo
350 1231 438 1270 unum
448 1211 535 1270 debet
545 1231 606 1269 esne
617 1210 749 1270 omnibus
755 1212 940 1289 propositum,
948 1219 982 1272 nt
991 1213 1116 1274 eadem

153 1300 204 1358 sit
221 1301 363 1358 utilitas
380 1301 668 1379 uniuscujusque
684 1309 719 1359 et
738 1303 1002 1362 universorum:
1027 1323 1114 1382 quam

154 1389 229 1447 eiad
243 1409 274 1448 se
287 1390 404 1467 quisque
418 1391 517 1467 rapiet,
532 1391 702 1448 dissolvetur
721 1392 810 1448 omnis
830 1393 953 1450 humana
966 1393 1113 1454 oonoortio.

153 1479 253 1556 Atque
266 1479 360 1546 etiam,
375 1479 398 1536 si
412 1480 466 1536 hoo
480 1486 582 1536 natura
600 1480 765 1558 proscribit,
780 1487 814 1537 ut
827 1481 913 1538 homo
925 1481 1040 1549 homini,
1053 1483 1114 1558 qui·
1128 1489 1146 1542 2

153 1587 266 1645 cunque
280 1569 324 1635 sit,
339 1569 376 1626 ob
390 1587 452 1625 eam
473 1569 563 1646 ipsam
577 1587 702 1635 eausam,
716 1569 831 1645 quodie
844 1570 930 1626 homo
943 1570 989 1636 ait,
1003 1571 1114 1628 conoul·

153 1663 217 1714 tum
231 1657 306 1724 velit,
321 1674 436 1715 neeesse
456 1666 501 1715 est
521 1658 678 1715 seeundum
698 1659 818 1715 eandem
839 1665 970 1716 naturam
989 1659 1116 1718 omnium

152 1747 309 1804 utilitatem
318 1765 380 1804 esee
395 1765 580 1804 communem.
616 1745 701 1815 Quod
716 1746 740 1804 ai
753 1747 793 1804 ita
806 1754 858 1812 eet,
869 1765 927 1804 una
940 1748 1116 1806 continemur
1129 1754 1146 1807 8

153 1853 253 1892 omnes
267 1843 296 1893 et
312 1835 413 1893 eadem
434 1836 497 1914 lege
518 1845 645 1894 neturae:
666 1837 753 1912 idque
774 1836 868 1914 ipsum
882 1836 958 1894 aiita
971 1844 1023 1905 est,
1038 1844 1115 1896 certe

152 1925 257 1982 violare
271 1926 392 1982 alterum
406 1934 514 1983 naturae
530 1926 592 2004 lege
607 1926 798 2001 prohibemur.
833 1926 942 1984 Verum
951 1934 1048 1984 autem
1059 1927 1114 2004 pri·

151 2031 242 2080 mum,
253 2033 350 2071 verum
364 2015 451 2092 igitur
461 2021 625 2072 extremum.
657 2015 734 2072 Nam
747 2013 816 2072 illud
831 2015 946 2092 quidem
958 2015 1114 2074 absurdum
1128 2021 1147 2074 4

152 2110 206 2169 est,
217 2103 292 2178 quod
304 2103 419 2179 quidam
434 2103 541 2171 dieunt,
551 2103 660 2181 parenti
670 2122 701 2160 se
712 2111 762 2160 aut
770 2103 851 2160 fratri
860 2104 928 2163 nihil
937 2104 1115 2164 detracturos

152 2191 198 2247 eui
212 2192 351 2249 commodi
364 2210 466 2259 oausa;
486 2193 570 2249 aliam
583 2193 721 2250 rationem
733 2211 795 2250 esse
811 2193 913 2251 nivium
933 2193 1112 2270 reliquorum.

152 2279 193 2336 Hi
217 2281 269 2338 sibi
292 2281 360 2338 nihil
385 2281 464 2359 juria,
490 2282 597 2338 nullam
621 2282 784 2340 societatem
808 2282 963 2340 eommunis
987 2282 1147 2342 utilitatiat

152 2387 240 2427 eausa
254 2377 382 2427 statuunt
395 2389 456 2428 esne
478 2389 543 2427 oum
565 2371 688 2439 civibus;
709 2391 775 2446 quar
792 2370 931 2428 sententia
943 2389 1056 2428 omnem
1070 2390 1114 2428 so·

152 2459 284 2516 eietatem
306 2459 436 2516 distrahit
458 2459 584 2518 civitatis.
626 2460 682 2528 Qui
695 2467 792 2516 antem
805 2459 906 2516 civium
919 2459 1059 2516 rationem
1072 2459 1112 2516 di·
1128 2465 1146 2518 6

152 2555 222 2604 eunt
242 2549 411 2615 habendam,
426 2555 607 2606 externorum
627 2554 743 2626 negant,
756 2548 776 2605 ii
788 2547 923 2604 dirimunt
936 2565 1115 2604 communem

151 2636 269 2694 humani
281 2637 391 2715 generis
405 2637 582 2706 societatem
603 2657 659 2712 qua
672 2637 794 2702 sublata,
808 2635 999 2702 beneficentia,
1013 2635 1113 2694 libera-

153 2726 225 2792 liter,
250 2727 368 2794 bonitas,
392 2727 501 2804 justitia
523 2727 651 2784 funditus
674 2725 789 2782 tollitur.
832 2725 905 2792 Quae
927 2724 977 2799 qui
1002 2724 1113 2792 tollunt,

153 2815 237 2872 etiam
248 2815 384 2873 adversus
397 2817 467 2873 deos
481 2815 655 2874 immortales,
666 2813 744 2890 impii
754 2813 900 2890 judicandi
913 2820 987 2872 aunt.
1016 2813 1067 2871 Ab
1080 2814 1113 2872 iis
1128 2814 1145 2874 'l

152 2904 226 2961 enim
241 2905 422 2962 constitutam
436 2905 508 2961 inter
527 2903 654 2960 homines
676 2903 841 2960 societatem
862 2910 1010 2960 evertunt:
1031 2904 1114 2980 eujus

150 2993 293 3050 societatis
307 2993 476 3051 artissimum
490 2993 632 3050 vinculum
646 2999 699 3059 est,
713 2991 804 3069 magis
824 2991 953 3049 arbitrari
972 3010 1034 3050 esse
1048 3012 1113 3052 oon·

152 3088 198 3138 tra
210 3088 349 3148 naturam,
363 3081 505 3139 hominem
517 3081 623 3138 homini
643 3081 791 3138 detrahere
805 3080 849 3136 aui
863 3081 1004 3138 eommodi
1018 3101 1111 3150 eausa,

47 3237 55 3246 ¹
93 3223 97 3228 ,
152 3189 237 3246 quam
252 3170 345 3228 omnia
358 3167 536 3227 incommoda
554 3170 650 3228 subire
663 3169 709 3227 vel
723 3177 846 3236 externa,
860 3169 906 3226 vel
920 3170 1052 3247 eorporis,
1066 3170 1112 3228 vel

153 3259 237 3316 etiam
256 3259 344 3335 ipsius
366 3259 458 3326 animi,
479 3278 544 3334 quae
565 3266 666 3316 vacent
686 3258 829 3334 injustitia.
870 3257 942 3316 Haee
961 3259 1036 3316 enim
1055 3265 1145 3317 unae

151 3347 240 3404 virtus
255 3348 378 3404 omnium
392 3355 435 3404 est
449 3348 561 3406 domina
572 3354 600 3404 et
613 3348 710 3424 regina
720 3347 863 3405 virtutum.
895 3347 1025 3405 Forsitan
1037 3347 1111 3421 quia-

152 3436 228 3513 piam
243 3436 357 3493 dixerit:
380 3437 480 3494 Nonne
493 3437 580 3513 igitur
593 3438 712 3513 sapiens,
727 3437 750 3492 si
762 3437 839 3494 lame
858 3436 919 3510 ipse
939 3435 1111 3501 conficiatur,

153 3525 299 3582 abstulerit
314 3526 408 3583 eibum
422 3526 510 3592 alteri,
519 3525 624 3582 homini
637 3525 675 3582 ad
688 3525 795 3582 nullam
808 3543 868 3580 rem
882 3523 968 3579 utili‘l
998 3522 1112 3577 Minime

152 3631 228 3670 vero.
269 3614 335 3670 Non
350 3613 504 3670 enim'mihi
518 3620 561 3670 est
574 3614 632 3670 vita
646 3632 709 3670 mea
728 3613 829 3676 utilior,
845 3628 929 3686 quam
950 3609 1034 3666 animi
1048 3609 1144 3667 taliae

153 3699 274 3769 affectio,
288 3701 427 3759 neminem
440 3709 473 3760 ut
487 3702 587 3760 violem
608 3702 747 3759 commodi
760 3700 816 3758 mei
828 3698 928 3776 gratia.
969 3697 1066 3766 Quid?
1087 3697 1112 3756 oi
