2692 4292
477 348 563 388 nmen
576 347 620 388 111,
660 348 727 390 one.
742 349 845 391 mm.
1114 339 1169 395 121

142 495 203 554 que
218 477 410 537 recensoribus
420 477 551 535 omnibus
564 477 723 555 ignominiis
735 486 858 538 notatos.
900 479 944 538 Sit
955 479 1016 558 jam
1029 479 1119 558 hujus
1133 487 1170 542 10

144 568 202 628 loci
215 569 286 626 finis.
319 567 507 644 Perspicuum
528 574 572 624 est
585 568 667 635 enim,
683 587 726 635 ea,
741 588 807 646 quae
828 569 928 627 timido
947 569 1050 637 animo,
1065 571 1118 628 bu·

143 659 215 725 mili,
231 657 362 723 demisso,
378 657 526 733 fractoque
540 657 608 713 fiant
623 657 722 735 (quale
734 659 835 717 fuisset
848 659 953 738 Reguli
965 659 1083 727 factum,
1094 658 1119 719 si

145 739 250 805 aut‘de
264 747 391 825 captivis,
407 746 485 823 quod
505 745 559 824 ipsi
573 765 646 823 opus
665 765 729 805 esse
742 747 895 815 videretur,
909 767 967 806 non
986 749 1065 826 quod
1077 749 1119 808 rei

146 836 283 916 publicae,
299 836 463 902 censuisset,
477 842 528 892 ant
548 835 626 893 domi
648 855 795 894 remanere
807 836 956 916 voluisset)
969 857 1028 896 non
1054 857 1118 898 esse

146 927 237 996 utilia,
252 927 318 1004 quia
332 926 388 984 sint
400 925 548 1004 flagitiosa,
563 924 652 992 foeda,
667 927 772 1003 turpia.

184 1107 325 1165 XXXIII.
337 1107 439 1164 Restat
449 1111 550 1182 quarta
561 1121 637 1182 pars,
648 1123 714 1182 qnoe
724 1105 835 1174 decore,
844 1106 1047 1175 moderatione,
1055 1125 1117 1166 mo·

147 1196 247 1264 destia,
258 1195 437 1262 continentie,
446 1193 637 1272 temperantia
645 1195 812 1255 continetur.
835 1197 1116 1275 Potestigiturquio·
1130 1204 1149 1258 2

146 1303 233 1364 quam
248 1305 309 1344 esse
323 1285 400 1353 utile,
416 1283 493 1362 quod
508 1284 545 1341 sit
558 1283 624 1341 huic
638 1284 737 1342 talium
753 1286 890 1343 virtutum
904 1286 992 1346 choro
1005 1293 1117 1345 contra·

145 1375 242 1433 rium?
276 1375 368 1452 Atqui
381 1375 418 1433 ab
432 1373 583 1450 Aristippo
598 1373 753 1450 Cyrenaici,
764 1382 853 1451 atque
866 1377 1010 1434 Annicerii
1024 1377 1115 1453 pbilo·
1131 1383 1148 1436 3

146 1465 230 1541 sophi
252 1463 395 1530 nominati,
411 1464 614 1521 omnebonum
634 1464 825 1542 inuoluptate
847 1473 1013 1541 posuerunt,
1028 1467 1116 1524 virtu·

145 1559 261 1631 temque
284 1561 454 1611 censuerunt
476 1553 513 1611 ob
533 1571 597 1610 eam
617 1572 678 1610 rem
692 1571 755 1610 esse
767 1553 951 1621 laudandam,
965 1555 1043 1631 quod
1056 1556 1116 1612 effi-

145 1643 222 1701 ciens
236 1642 488 1720 esset-voluptatis,
504 1642 607 1720 quibus
622 1642 758 1700 obsoletis
777 1642 861 1701 floret
873 1643 1024 1720 Epicurus,
1039 1645 1115 1720 ejus·

145 1733 211 1791 dem
225 1735 285 1813 sepe
299 1733 415 1811 adjutor
431 1739 589 1809 auctorque
603 1733 760 1790 sententia.
795 1733 871 1790 (lum
885 1731 929 1790 bis
942 1733 1009 1791 viris
1022 1733 1148 1810 equis-4

144 1841 209 1900 que,
224 1829 258 1880 ιιι
272 1823 383 1901 dicitur,
399 1822 422 1880 si
435 1823 615 1895 honestatem
634 1822 708 1880 tueri
721 1835 755 1879 ac
769 1822 890 1880 retinere
909 1823 1049 1880 sententia
1061 1829 1114 1890 est,

144 1912 349 1970 decertandum
363 1918 415 1969 est.
457 1911 533 1968 Nam
548 1911 571 1968 si
585 1929 642 1968 non
654 1911 742 1970 modo
755 1911 870 1979 utilitas,
885 1911 937 1970 sed
950 1912 1009 1970 vita
1022 1911 1114 1971 omnis
1128 1921 1147 1972 5

143 2001 237 2068 beata,
252 2001 376 2080 eorporis
396 2001 477 2057 firma
494 2000 693 2060 constitutione
707 2001 827 2079 ejusque
841 2002 1047 2070 constitutionis
1061 2021 1114 2081 spa

91 2147 95 2155 ,
144 2091 300 2168 explorata,
322 2098 356 2148 ιιι
375 2110 392 2147 a
413 2089 578 2148 Metrodoro
597 2091 736 2168 scriptum
755 2098 809 2159 est,
830 2093 1008 2150 continetur:
1036 2100 1113 2152 certe

142 2181 207 2238 hoee
220 2181 335 2249 utilitas,
351 2179 510 2257 etquidem
525 2199 645 2247 summa,
661 2179 713 2258 (sic
732 2181 806 2238 enim
826 2181 966 2260 censent)
982 2202 1048 2240 cum
1060 2183 1111 2240 ho

142 2275 255 2328 nestate
266 2270 415 2348 pugnabit.
441 2270 517 2327 Nam
527 2269 577 2328 ubi
587 2270 711 2346 primum
721 2270 881 2348 prudentiae
888 2272 969 2329 locus
976 2271 1112 2330 dabitur?
1126 2277 1145 2333 6

143 2361 201 2427 An,
216 2367 249 2418 ut
263 2360 409 2437 conquirat
422 2359 548 2436 undique
568 2360 746 2418 suavitates?
787 2361 881 2429 Quam
901 2361 986 2420 miser
998 2361 1111 2419 virtutis
1126 2362 1143 2420 ’1

143 2449 308 2517 famulatus,
320 2449 466 2507 servientis
476 2449 616 2525 voluptati
626 2449 632 2506 l
664 2448 748 2518 Quod
759 2456 856 2506 autem
868 2469 973 2506 munus
987 2449 1111 2525 pruden-

143 2539 212 2596 tiae?
242 2540 292 2596 An
305 2539 399 2618 legere
413 2539 603 2616 intelligenter
612 2539 798 2615 voluptates?
829 2538 888 2595 Fac
901 2537 971 2606 nihil
984 2538 1038 2596 isto
1047 2557 1111 2597 esse

138 2628 313 2707 jucundius:
335 2628 402 2705 quid
418 2627 534 2706 cogitari
548 2635 645 2704 potest
659 2627 794 2705 turpius?
833 2627 909 2695 Jam,
921 2628 970 2705 qui
983 2628 1111 2685 dolorem
1125 2635 1143 2688 8

142 2737 287 2774 summum
306 2718 413 2775 malum
428 2718 513 2785 dicat,
528 2717 607 2794 apud
621 2737 687 2775 eum
702 2735 787 2794 quem
807 2716 896 2775 babet
915 2717 1011 2776 locum
1031 2717 1110 2775 forti·

141 2807 222 2873 tudo,
237 2827 301 2884 quae
320 2814 364 2864 est
378 2807 508 2864 dolorum
528 2807 715 2884 laborumque
735 2807 933 2885 contemptio?
973 2807 1141 2876 Quamvise

141 2896 217 2954 enim
230 2897 326 2954 multis
340 2895 408 2963 locis
422 2897 499 2954 dieat
513 2897 661 2975 Epicurea,
676 2896 760 2954 sicuti
772 2897 849 2964 dicit,
864 2897 933 2955 satis
946 2897 1057 2956 sortiter
1070 2899 1108 2957 de

141 2983 257 3044 dolore:
277 2991 374 3044 tamen
392 3005 448 3047 non
468 2986 497 3044 id
517 2987 705 3064 spectandum
724 2996 777 3055 est,
791 2988 860 3064 quid
874 2988 958 3056 dicat,
974 2988 1025 3046 sed
1038 2988 1108 3066 quid

141 3081 361 3133 consentaneum
376 3076 412 3133 sit
427 3095 452 3133 er
444 3075 567 3143 'dicere
582 3077 631 3162 qui
651 3079 726 3135 bona
739 3077 887 3154 voluptate
904 3079 1106 3149 terminaverit,

139 3164 217 3221 mela
231 3164 347 3222 dolore:
368 3173 410 3232 ut,
426 3166 450 3223 si
469 3166 549 3223 illum
570 3167 684 3224 audiam
702 3167 739 3224 de
758 3167 928 3226 continentia
947 3175 977 3226 et
996 3175 1106 3247 tempe·

138 3253 239 3321 rantia,
254 3254 323 3312 dicit
336 3255 383 3314 ille
397 3255 513 3332 quidem
528 3257 619 3314 multa
632 3257 730 3314 multis
744 3257 832 3325 locis;
853 3258 905 3316 sed
919 3277 995 3335 aqna
1004 3259 1105 3324 haeret,

138 3346 174 3401 ιιι
185 3342 270 3400 aiunt.
306 3343 381 3401 Nam
392 3346 441 3420 qui
456 3365 493 3422 po
494 3351 550 3404 test
561 3347 777 3423 temperantiam
787 3347 921 3406 landare'
912 3369 946 3416 rs,
958 3367 1007 3424 qm
999 3348 1112 3424 ponat
1121 3353 1158 3404 10

128 3435 283 3489 ,summum
294 3433 420 3491 bonum'
413 3453 442 3491 m
451 3435 552 3511 volupt
553 3442 583 3492 at
540 3425 622 3492 tte?
660 3435 713 3494 Est
726 3436 800 3494 enim
814 3437 1002 3514 temperantia
1014 3433 1105 3494 libidi-

138 3539 208 3580 num
218 3521 336 3589 inimica,
347 3523 475 3581 libidines
487 3532 581 3581 autem
593 3527 810 3584 consectatrices
820 3524 983 3601 voluptatis.
1004 3524 1104 3599 Atque
1119 3529 1156 3585 11

138 3609 168 3670 in
186 3611 230 3668 his
250 3618 347 3669 tamen
366 3613 457 3671 tribus
477 3613 636 3692 generibus,
657 3633 772 3691 quoquo
792 3613 879 3670 modo
899 3617 1027 3688 possunt,
1048 3630 1105 3669 non

139 3699 269 3760 incallide
282 3702 510 3780 tergiversantur.
551 3693 738 3761 Prudentiam
750 3703 943 3768 introducunt,
958 3700 1104 3761 scientiam
1119 3706 1157 3764 la

629 3798 664 3850 11
