2692 4292
184 343 223 405 al
570 351 574 360 '
600 362 638 402 na
654 361 782 403 orrrorrs

236 491 323 550 etiam
343 497 387 548 est
408 489 537 568 ejusdcm
559 509 621 548 esse
642 491 770 550 civitatis.
811 490 904 548 Multa
921 491 995 550 enim
1014 498 1080 550 sunt
1094 492 1207 553 civibus

236 580 309 639 inter
329 599 360 638 se
381 581 554 638 communia:
576 581 679 648 forum,
698 582 772 648 iana,
794 580 1005 658 portionarius,
1020 581 1106 660 leges,
1126 585 1205 660 jura,

233 670 349 750 judicia,
365 671 508 747 suffragia,
530 669 749 728 consuetudines
769 679 912 747 praeterea
935 677 965 727 et
988 671 1204 740 familiaritates,

236 761 389 836 multisque
404 778 469 817 cum
483 759 579 816 multis
592 779 637 816 res
652 760 831 836 rationesque
845 766 1009 818 contraetae.

205 856 222 908 8
277 849 376 907 Artior
395 867 463 906 vero
486 849 629 928 colligatio
650 857 694 907 est
715 849 857 906 societatis
879 849 1111 926 propinquorum.
1152 850 1206 908 Ab

237 937 285 997 illa
304 939 378 996 enim
399 939 537 996 immensa
555 939 691 996 societate
709 939 826 996 humani
839 939 951 1016 generis
964 939 993 996 iu
1006 938 1140 1018 exiguum
1154 958 1206 996 an·

205 1033 223 1086 4
237 1036 412 1108 gustumque
422 1027 609 1087 concluditur.
650 1027 806 1086 Nemeum
819 1027 924 1086 sithoc
937 1035 1039 1086 natura
1052 1047 1206 1086 commune

238 1118 432 1186 animantium,
446 1125 479 1174 ut
492 1118 617 1176 habeant
636 1116 792 1175 lubidinem
813 1117 988 1194 procreandi,
1005 1117 1097 1195 prima
1115 1117 1206 1175 socie-

237 1213 283 1264 tas
296 1207 400 1284 inipso
414 1205 546 1284 conjugio
560 1213 604 1264 est
612 1225 620 1274 ς
641 1207 770 1284 proxima
786 1205 816 1264 in
835 1207 929 1265 liberis
937 1225 946 1276 ;
967 1207 1069 1265 deinde
1081 1225 1139 1264 una
1153 1207 1206 1265 do·

237 1315 311 1364 mus,
326 1296 488 1353 communia
501 1296 604 1355 omnia.
645 1296 682 1353 Id
704 1303 802 1354 autem
822 1303 868 1354 est
890 1296 1060 1375 principium
1073 1296 1160 1365 urbis,
1175 1303 1207 1354 et

205 1394 223 1446 5
239 1385 320 1464 quasi
340 1385 521 1442 seminarium
538 1386 579 1442 rei
598 1385 730 1464 publicae.
773 1387 941 1463 Sequuntur
952 1387 1073 1446 fratrum
1087 1386 1206 1465 conjun-
1281 1417 1287 1426 ·

238 1477 353 1542 ctionea
369 1481 436 1552 post
458 1475 691 1533 consobrinorum
714 1476 966 1553 sobriuorumque:
987 1478 1037 1553 qui
1059 1495 1125 1534 cum
1147 1493 1207 1533 una

239 1565 325 1624 domo
340 1565 401 1645 jam
415 1565 479 1644 capi
492 1585 548 1623 non
567 1565 685 1643 possint,
699 1565 729 1623 iu
745 1566 815 1623 alias
829 1565 939 1633 domos,
953 1573 1102 1643 tamquam
1116 1566 1145 1623 in
1159 1585 1207 1624 co·

205 1661 223 1714 6
238 1655 335 1724 ionias,
347 1663 459 1714 exeunt.
495 1655 663 1734 Sequuntur
673 1656 814 1713 connubia
827 1662 857 1714 et
870 1655 1033 1712 affinitates:
1054 1656 1209 1733 exquibus

238 1747 323 1804 etiam
346 1745 442 1824 plures
460 1746 620 1822 propinqui.
663 1746 737 1814 Quae
756 1745 929 1824 propagatio
948 1750 978 1802 et
997 1745 1112 1802 suboles
1126 1745 1209 1824 origo

238 1841 284 1893 est
296 1853 390 1892 rerum
405 1834 592 1911 publicarum.
634 1835 786 1914 Sanguinis
800 1842 897 1893 autem
910 1834 1072 1912 conjunctio
1086 1841 1116 1892 et
1129 1835 1208 1893 beni-

238 1924 361 1983 volentia
371 1924 494 1983 devincit
507 1925 636 1982 homines
649 1933 679 1982 et
693 1925 819 1984 caritate.
863 1925 1002 2004 Magnum
1015 1931 1059 1982 est
1072 1925 1146 1982 enim
1160 1943 1208 1982 ea·

240 2013 307 2072 dem
320 2014 426 2072 babere
439 2009 623 2073 monumenta
635 2015 787 2093 majorum,
799 2013 906 2072 eisdem
916 2015 960 2072 uti
970 2013 1065 2084 sacris,
1077 2014 1210 2092 sepulcra

239 2104 345 2162 habere
360 2104 530 2162 communia.

280 2192 339 2250 Sed
366 2193 492 2252 omnium
525 2193 694 2251 societatum
719 2193 799 2250 nulla
831 2192 1014 2272 praestantior
1047 2199 1101 2260 est,
1129 2191 1210 2250 nulla

240 2283 352 2350 firmior,
367 2301 454 2359 quam
468 2301 534 2341 cum
552 2283 603 2340 viri
623 2283 699 2350 boni,
713 2282 840 2342 moribus
860 2282 974 2351 similes,
988 2289 1056 2340 sunt
1068 2282 1209 2340 familiari·

239 2379 299 2431 tate
314 2373 464 2450 conjuncti.
505 2372 582 2430 Illud
603 2372 679 2430 enim
699 2372 852 2430 honestum
866 2372 956 2450 (quod
976 2391 1056 2449 saepe
1076 2370 1208 2450 dicimus)

240 2463 327 2522 etiam
341 2463 407 2522 siin
421 2463 476 2522 alio
490 2462 640 2530 cernimus,
654 2469 752 2520 tamen
770 2481 823 2520 nos
836 2469 934 2521 movet
947 2468 1033 2539 atque
1045 2461 1093 2529 illi,
1108 2462 1209 2538 inquo
1270 2539 1274 2544 .

208 2554 270 2614 aid
283 2555 374 2612 inesse
387 2553 507 2620 videtur,
523 2553 628 2611 amicos
647 2552 723 2610 facit.
764 2551 803 2609 Et
823 2570 994 2629 quamquam
1015 2551 1106 2609 omnis
1119 2550 1209 2610 virtus

240 2663 292 2702 nos
312 2643 350 2702 ad
372 2663 403 2700 se
423 2643 510 2712 allicit
529 2643 661 2720 facitque,
677 2648 711 2700 ut
730 2659 780 2699 eos
798 2641 959 2720 diligamus,
973 2641 1003 2698 in
1023 2641 1128 2719 quibus
1146 2641 1209 2717 ipsa

240 2733 331 2791 inesse
345 2733 491 2790 videatur:
512 2739 608 2791 tamen
627 2731 746 2810 justitia,
760 2738 791 2789 et
803 2731 957 2790 liberalitas
970 2730 1000 2788 id
1013 2730 1137 2788 maxime
1150 2726 1209 2788 affi-

208 2828 226 2882 9
241 2823 293 2880 citi
330 2821 409 2880 Nihil
423 2827 519 2878 autem
533 2828 577 2879 est
590 2820 737 2879 amabilius
750 2839 803 2878 nec
817 2819 985 2898 copulatius,
996 2839 1083 2897 quam
1096 2839 1209 2878 morum

241 2909 398 2969 similitudo
421 2911 569 2969 bonorum.
611 2911 646 2968 In
669 2911 774 2987 quibua
794 2910 869 2967 enim
893 2909 995 2968 eadem
1019 2910 1114 2968 studia
1133 2916 1208 2978 sunt,

241 3000 351 3057 eaedem
373 2999 543 3068 voluntates,
567 2999 596 3057 in
618 2999 663 3058 his
687 3001 729 3068 fit,
753 3007 787 3057 ut
807 3017 891 3076 aeque
911 2999 1030 3076 quisque
1050 2999 1141 3057 altero
1160 2997 1209 3056 de·

240 3089 369 3157 lactetur,
384 3109 418 3148 ac
432 3109 463 3148 se
476 3089 555 3166 ipso:
577 3090 753 3166 efficiturque
766 3089 804 3157 id,
819 3089 898 3166 quod
911 3090 1093 3167 Pythagoras
1106 3089 1169 3146 vult
1182 3088 1211 3145 in

190 3185 228 3238 10
241 3179 372 3247 amicitia,
387 3184 421 3236 ut
441 3199 514 3237 unus
538 3180 588 3238 fiat
609 3197 645 3236 ex
666 3178 805 3257 pluribus.
846 3178 955 3258 Magna
973 3178 1059 3237 etiam
1072 3177 1120 3236 illa
1133 3197 1210 3237 com·

242 3268 365 3325 munitas
378 3275 431 3337 est,
446 3287 512 3346 quae
525 3269 671 3326 conficitur
691 3288 727 3326 ex
747 3268 890 3327 beneficiis
909 3268 986 3327 ultro
1004 3274 1034 3325 et
1051 3268 1123 3326 citro
1137 3268 1211 3325 datis

242 3357 436 3436 acceptisque:
458 3377 523 3434 quae
539 3365 568 3415 et
582 3363 682 3414 mutua
695 3363 725 3415 et
738 3363 821 3436 grata
834 3357 904 3416 dum
917 3364 993 3425 sunt,
1004 3357 1078 3415 inter
1091 3376 1164 3434 quos
1177 3375 1212 3414 ea

243 3453 309 3506 suut
322 3447 402 3506 firma
415 3446 612 3504 devinciuntur
625 3446 768 3505 societate.

191 3541 227 3596 11
284 3536 343 3595 Sed
367 3554 433 3595 cum
455 3535 548 3594 omnia
569 3535 677 3593 ratione
697 3536 846 3614 animoque
865 3535 1004 3604 lustrans,
1020 3535 1146 3593 omnium
1166 3553 1211 3593 so·

243 3625 379 3684 cietatum
399 3625 477 3684 nulla
498 3631 543 3683 est
564 3625 685 3704 gravior,
699 3625 778 3683 nulla
791 3627 889 3694 carior,
905 3645 992 3703 quam
1005 3643 1048 3694 ea,
1063 3643 1130 3702 quae
1145 3639 1212 3681 cum

57 2183 224 2253 „aq

193 3719 230 3772 la
245 3733 276 3772 re
290 3715 405 3792 publica
417 3723 462 3774 est
475 3715 625 3793 unicuique
645 3722 784 3774 nostrum.
825 3715 891 3773 Cari
911 3721 978 3772 sunt
999 3719 1140 3792 parentes,
1154 3709 1212 3770 cari
