2692 4292
533 350 618 388 maun
631 350 650 388 1.
692 348 759 390 cer.
774 348 858 387 xxm.
1157 333 1194 390 81

176 479 218 536 Ut
231 478 305 536 enim
319 477 387 536 alios
402 478 539 546 omittam,
554 479 635 538 nobis
656 498 718 536 rem
741 477 886 556 publicam
906 476 1142 555 gubernantibus,
1158 481 1194 536 11

175 589 268 626 nonne
289 576 367 647 togae
391 589 471 626 arma
495 569 664 627 cesserunt?
686 567 874 645 nequeenim
895 567 1052 644 periculum
1065 566 1094 623 in
1111 584 1144 624 re

175 659 290 736 publica
303 659 357 716 fuit
370 660 485 737 gravius
499 678 633 735 unquam,
647 677 700 716 uec
714 657 808 734 majus
821 657 919 715 otium.
961 657 1008 714 Ita
1022 656 1143 713 consiliis
1158 660 1195 714 12

174 748 377 826 diligentiaque
397 757 495 818 nostra
509 749 636 806 celeriter
650 748 687 806 de
698 747 828 819 manibus
842 746 1092 804 audacissimorum
1105 745 1143 802 ci-

175 839 252 896 vium
267 839 384 915 delapsa
406 857 486 896 arma
505 839 568 918 ipsa
588 838 759 896 ceciderunt.
802 837 874 906 Quae
894 855 940 893 res
960 836 1047 913 igitur
1059 843 1143 914 gesta
1158 840 1194 894 1a
1293 839 1296 844 ’

174 948 300 1004 unquam
315 929 343 985 in
357 928 433 986 bello
447 929 548 985 tanta?
570 927 618 1004 qui
632 927 796 1003 triumphus
810 925 1023 983 conferendus?
1064 924 1144 982 Licet

175 1018 250 1075 enim
264 1018 340 1085 mihi,
356 1019 453 1076 Marce
467 1017 514 1085 fili,
530 1017 610 1096 apud
623 1024 652 1074 te
666 1016 787 1094 gloriari,
803 1015 841 1072 ad
855 1033 942 1092 quem
957 1022 987 1072 et
1000 1014 1143 1072 hereditas

175 1107 262 1184 hujus
286 1107 383 1186 gloriae
405 1115 434 1165 et
457 1108 597 1165 factorum
619 1106 738 1164 imitatio
761 1105 893 1182 pertinet.
935 1104 1006 1162 Mihi
1027 1104 1143 1181 quidem
1158 1107 1196 1163 14

176 1205 253 1254 certe
271 1198 315 1254 vir
332 1197 481 1254 abundans
505 1196 611 1254 bellicis
635 1193 768 1253 laudibus
783 1196 835 1252 Gn.
857 1194 1020 1272 Pompeius,
1041 1194 1139 1252 multis

175 1287 362 1354 audientibus,
383 1288 438 1344 hoc
462 1277 568 1352 tribuit,
590 1292 623 1342 ut
646 1285 761 1352 diceret,
782 1285 889 1343 frustra
912 1304 943 1342 se
964 1283 1143 1362 triumphum

174 1377 290 1434 tertium
301 1363 517 1452 deportaturum
530 1376 625 1442 fuisse,
638 1375 692 1432 nisi
705 1393 769 1432 meo
782 1375 811 1432 in
823 1394 884 1431 rem
899 1373 1043 1452 publicam
1057 1375 1142 1431 bene·

175 1467 246 1533 ficio,
258 1467 307 1525 ubi
320 1467 516 1544 triumpharet,
528 1473 603 1522 esset
617 1465 777 1522 habiturus.
820 1464 896 1521 Sunt
908 1464 996 1541 igitur
1009 1462 1141 1521 domesti·
1159 1469 1195 1522 lt

69 1601 71 1604 .
175 1575 218 1614 cae
238 1556 415 1613 fortitudines
439 1574 495 1612 non
518 1555 661 1612 inferiores
683 1554 868 1611 militaribus:
898 1553 928 1610 in
950 1552 1054 1630 quibus
1078 1551 1143 1630 plus

176 1646 269 1714 etiam,
285 1665 372 1724 quam
384 1645 413 1702 in
426 1645 479 1712 his,
494 1661 591 1722 operae
605 1637 749 1721 studiique
765 1643 930 1722 ponendum
943 1649 996 1700 est.

1193 1725 1327 1750 *θ’

215 1825 326 1882 XXIII.
348 1822 471 1882 Omnino
489 1822 559 1880 illud
582 1822 744 1889 honestum,
760 1821 838 1900 quod
858 1840 895 1880 ex
915 1820 1010 1878 aninio
1031 1820 1144 1880 excelso

175 1915 379 1993 magnificoque
399 1913 559 1991 quaerimus,
575 1912 660 1970 animi
674 1913 802 1979 efficitur,
817 1931 874 1970 nou
889 1911 1014 1990 corporis
1028 1911 1141 1970 viribus.

175 2004 372 2061 Exercendum
393 2010 488 2060 tamen
508 2022 611 2079 corpus
626 2009 655 2059 et
669 2003 710 2059 ita
722 2001 901 2059 afficiendum
915 2008 966 2067 est,
981 2008 1015 2059 ut
1028 2002 1144 2060 obedire

175 2094 289 2151 consilio
303 2093 460 2169 rationique
480 2092 570 2169 possit
589 2092 619 2148 in
639 2092 813 2168 exequendis
826 2091 947 2169 negotiis
961 2098 991 2148 et
1003 2091 1033 2148 in
1045 2091 1144 2149 labore
1218 2113 1222 2121 ·

175 2183 330 2240 tolerando.
365 2183 525 2240 Honestum
539 2189 635 2238 autem
650 2181 689 2248 id,
703 2182 782 2257 quod
796 2180 978 2258 exquirimus,
990 2187 1085 2238 totum
1098 2187 1143 2239 est
1157 2187 1175 2239 2

175 2273 300 2351 positum
320 2273 348 2330 in
368 2271 453 2330 animi
473 2290 542 2330 cura
564 2278 593 2329 et
614 2267 801 2350 cogitatione:
823 2271 852 2327 in
866 2290 923 2347 quo
937 2290 994 2327 non
1007 2271 1144 2328 minorem

174 2363 325 2420 utilitatem
348 2362 478 2428 afferunt,
498 2361 548 2438 qui
571 2361 664 2438 togati
687 2361 729 2418 rei
753 2361 876 2437 publicae
899 2368 1035 2436 praesunt,
1057 2378 1143 2437 quam

175 2453 224 2528 qui
244 2452 351 2510 bellum
375 2458 486 2530 gerunt.
529 2452 632 2527 Itaque
657 2469 755 2508 eorum
778 2450 893 2507 consilio
915 2467 992 2525 saepe
1016 2457 1067 2506 aut
1085 2456 1175 2508 nont

175 2549 317 2618 suscepta,
333 2549 383 2598 aut
398 2541 528 2598 confecta
542 2539 618 2597 bella
631 2546 707 2605 sunt,
722 2557 926 2615 nonnunquam
940 2538 1025 2594 etiam
1046 2537 1141 2594 illata:

175 2638 208 2688 ut
222 2631 260 2689 M.
277 2630 392 2688 Catonis
407 2630 513 2688 bellum
527 2629 643 2686 tertium
658 2628 808 2696 Punicum,
824 2629 852 2685 in
866 2648 924 2704 quo
938 2627 1024 2685 etiam
1039 2629 1143 2686 mortui

174 2720 263 2778 valuit
276 2720 436 2777 auctoritas.
479 2721 574 2789 Quare
585 2718 746 2795 expetenda
756 2717 872 2794 quidem
886 2718 976 2796 magis
987 2725 1032 2774 est
1045 2717 1141 2776 decer·
1156 2723 1176 2777 4

174 2809 260 2866 nendi
273 2809 353 2875 ratio,
366 2827 452 2886 quam
468 2807 632 2866 decertandi
645 2807 798 2864 fortitudo:
820 2807 871 2864 sed
885 2807 1052 2874 cavendum,
1064 2827 1100 2866 ne
1113 2808 1143 2866 id

175 2899 298 2957 bellandi
308 2899 400 2976 magis
414 2899 494 2976 luga,
506 2918 593 2975 quam
603 2897 733 2955 utilitatis
743 2897 851 2955 ratione
863 2899 1008 2956 faciamus.
1031 2898 1144 2956 Bellum

175 2996 270 3045 autem
294 2988 334 3046 ita
358 2988 536 3064 suscipiatur,
558 3000 591 3045 ut
614 2987 683 3044 nihil
708 2987 785 3044 aliud
809 2987 862 3045 nisi
887 3007 944 3066 pan
963 2988 1083 3065 quaesita
1102 2988 1142 3046 vi-

175 3077 285 3134 deatur.
328 3077 421 3134 Fortis
435 3097 503 3135 vero
518 3085 548 3134 et
562 3077 718 3134 constantis
738 3084 790 3143 est,
806 3096 873 3134 non⁴
884 3077 1044 3154 perturbari
1058 3077 1087 3134 in
1099 3097 1142 3136 re·
1157 3086 1175 3138 t

175 3167 229 3225 bus
249 3167 365 3246 asperis
381 3185 433 3224 nec
447 3167 669 3224 tumultuantem
692 3167 729 3223 de
748 3166 842 3244 gradu
862 3167 954 3244 dejici,
970 3175 1003 3224 ut
1023 3167 1143 3235 dicitur3

174 3257 226 3314 sed
247 3257 380 3334 praesenti
400 3257 495 3314 animo
508 3257 551 3314 uti
564 3263 593 3314 et
608 3256 733 3323 consilio,
748 3275 801 3313 nec
822 3275 839 3313 a
859 3258 967 3315 ratione
988 3258 1142 3315 discedere.

175 3349 354 3424 Quamquam
374 3348 428 3404 hoc
449 3347 541 3414 animi,
563 3346 633 3405 illud
654 3347 740 3404 etiam
760 3347 863 3425 ingenii
886 3349 981 3425 magni
1003 3353 1055 3413 est,
1070 3350 1175 3422 prae-6

174 3438 266 3515 cipere
282 3433 451 3516 cogitatione
466 3438 570 3504 futura,
586 3445 615 3494 et
629 3437 774 3514 aliquanto
795 3445 861 3494 ante
876 3438 1057 3501 constituere,
1074 3434 1143 3510 quid

173 3528 301 3585 accidere
322 3527 413 3604 possit
433 3527 461 3584 in
482 3533 632 3603 utramque
657 3534 776 3604 partem,
791 3533 821 3582 et
840 3526 909 3602 quid
932 3524 1077 3602 agendum
1096 3523 1142 3592 sit,

174 3637 239 3676 cum
253 3617 322 3696 quid
337 3617 477 3684 evenerit;
499 3635 550 3674 nec
565 3617 798 3682 committerent
818 3612 969 3690 aliquando
990 3612 1143 3672 dicendum

173 3707 278 3766 sitnon
292 3715 439 3782 putaram.
482 3707 555 3764 Haec
569 3713 636 3764 suut
656 3724 746 3783 opera
766 3703 862 3781 magui
875 3702 961 3760 animi
981 3710 1011 3761 et
1029 3703 1142 3774 excelsi,
