2692 4292
532 326 617 366 urana
630 327 650 366 1.
690 325 757 367 oar.
772 325 831 366 xxa
1157 309 1197 366 20

179 449 239 512 rita
252 459 297 512 est
310 453 466 511 otiosorum
477 474 483 522 ;
503 454 675 513 fructuosior
686 462 784 512 autem
797 455 944 512 hominnm
956 451 1055 532 generi
1064 458 1095 512 et
1107 449 1146 510 ad

180 542 339 601 claritatem
358 543 629 621 amplitudinemque
653 545 746 620 aptior
772 563 879 611 eorum,
900 544 949 620 qui
971 563 1004 600 se
1026 543 1065 600 ad
1083 559 1146 599 rem

180 631 324 710 publicam
335 632 413 689 etad
424 651 541 710 magnas
551 652 596 690 res
605 633 745 711 gerendas
753 633 1047 691 accommodavenmt.
1069 631 1145 700 Qua·
1159 633 1178 688 8

180 728 301 799 propter
322 730 353 778 et
374 719 407 778 iis
429 721 545 778 forsitan
559 721 774 779 concedendum
795 723 832 778 sit
851 741 911 779 rem
931 723 1075 798 publicam
1088 739 1146 778 non

181 810 403 887 capessentibus,
418 811 468 886 qui
489 811 637 868 excellenti
659 811 774 888 ingenio
793 811 929 869 doctrinar
946 830 1009 868 sese
1028 809 1146 868 dedide-

180 907 265 957 runt:
287 905 317 956 et
329 899 370 967 iis,
386 901 434 976 qui
447 908 498 957 aut
510 899 680 958 valetudinis
699 901 881 958 imbecilitate
900 908 951 958 aut
968 901 1061 978 aliqua
1080 917 1145 979 gra·

180 990 258 1047 viore
273 1007 358 1046 causa
371 989 499 1066 impediti
518 1007 537 1047 a
554 1007 585 1047 re
607 990 722 1067 publica
739 997 924 1057 recesserunt,
940 1009 1005 1048 cum
1019 990 1081 1067 ejus
1095 991 1145 1048 ad·

181 1079 373 1136 ministrandae
387 1085 561 1155 potestatem
573 1079 634 1136 eliis
655 1078 827 1156 laudemque
841 1079 1036 1137 concederent.
1078 1078 1144 1148 Qui-
1159 1083 1178 1136 4

182 1167 236 1225 bus
249 1175 345 1226 autem
360 1168 424 1225 talis
437 1169 515 1225 nulla
530 1168 566 1226 sit
580 1187 673 1236 causa,
684 1169 708 1226 si
718 1169 864 1246 despicere
878 1187 908 1225 se
922 1168 1017 1226 dicant
1027 1185 1069 1235 ea,
1080 1187 1146 1246 quar

182 1257 308 1335 plerique
328 1258 474 1324 mirentur,
489 1258 608 1335 imperia
622 1265 652 1315 et
666 1258 857 1336 magistratus,
872 1257 905 1315 iis
918 1277 975 1315 uon
989 1258 1076 1316 modo
1088 1277 1146 1315 non

181 1346 268 1414 laudi,
283 1365 382 1404 verum
403 1347 487 1404 etiam
501 1348 569 1405 vitio
589 1347 721 1404 dandum
737 1354 816 1424 puto.
858 1347 986 1416 Quorum
1005 1347 1144 1424 judicium
1159 1354 1177 1406 5

181 1436 210 1494 in
223 1455 265 1504 eo,
281 1437 359 1513 quod
372 1437 493 1515 gloriam
507 1444 690 1498 contemnant
703 1443 733 1494 et
746 1456 799 1513 pro
812 1437 898 1494 nihilo
912 1443 1022 1514 putent,
1033 1435 1145 1494 difficile

182 1525 261 1583 factu
271 1533 315 1583 est
328 1545 385 1584 non
399 1528 535 1603 probare:
551 1527 602 1584 sed
611 1527 744 1584 videntur
756 1526 869 1584 labores
879 1533 909 1583 et
922 1526 1074 1592 molestias,
1083 1533 1147 1584 tum

183 1615 368 1674 offensionum
378 1623 408 1673 et
417 1617 595 1693 repulsarum
605 1616 686 1693 quasi
699 1616 843 1694 quandam
856 1607 1037 1693 ignominiam
1046 1615 1146 1673 timere

182 1713 212 1763 et
231 1705 383 1763 infamiam.
425 1705 499 1763 Sunt
513 1707 595 1774 enim,
611 1705 659 1782 qui
673 1704 701 1762 in
714 1705 801 1763 rebus
814 1705 958 1762 contrariis
978 1723 1080 1781 parum
1094 1702 1179 1762 sibie

182 1801 329 1853 constent:
351 1796 528 1873 voluptatem
542 1796 717 1854 severissime
731 1802 922 1863 contemnant,
936 1795 965 1852 in
979 1794 1077 1851 dolore
1090 1793 1147 1852 sint

181 1885 340 1943 molliores:
362 1885 482 1963 gloriam
503 1885 658 1963 negligant,
674 1885 841 1962 frangantur
860 1884 991 1942 infamia:
1012 1891 1099 1962 atque
1112 1901 1147 1940 ea

182 1973 297 2051 quidem
317 1994 374 2032 non
387 1976 455 2032 satis
474 1982 644 2032 constanter,
685 1975 743 2032 Sed
757 1975 798 2041 iis,
813 1974 863 2052 qui
882 1975 988 2032 habent
1008 1991 1026 2030 a
1044 1981 1148 2030 natura

181 2063 347 2141 adjumenta
361 2083 456 2121 rerum
470 2064 668 2142 gerendarum,
681 2064 795 2141 abjecta
809 2064 885 2121 omni
898 2063 1086 2130 cunctatione,
1096 2063 1147 2120 ad-

182 2152 321 2229 ipiscendi
334 2154 518 2231 magistratus
532 2160 562 2210 et
575 2153 701 2232 gerenda
714 2171 761 2210 res
774 2154 889 2231 publica
902 2161 953 2211 est.
996 2152 1058 2211 Nec
1072 2152 1146 2210 enim

183 2242 264 2299 aliter
277 2250 327 2300 aut
340 2244 403 2320 regi
417 2243 523 2310 civitas,
538 2247 589 2299 aut
603 2243 741 2300 declarari
758 2244 843 2300 animi
856 2242 1024 2321 magnitudo
1043 2247 1147 2320 potest.

184 2333 406 2410 Capessentibus
420 2340 516 2390 autem
530 2352 590 2390 rem
611 2333 755 2410 publicam
774 2332 843 2389 nihil
864 2332 964 2398 minus,
979 2349 1065 2406 quam
1084 2330 1147 2407 phi·
1162 2336 1179 2388 8

182 2422 317 2499 losophis‚
333 2422 411 2480 haud
433 2423 491 2479 scio
512 2442 548 2479 an
568 2423 658 2500 magis
682 2422 775 2488 etiam,
790 2428 820 2477 et
833 2419 1041 2498 magnificentia
1055 2425 1085 2476 et
1098 2419 1147 2476 de·

184 2512 329 2589 spicientia
343 2511 505 2568 adhibenda
518 2512 555 2569 sit
567 2529 662 2568 rerum
677 2511 872 2575 humanarum,
884 2527 972 2584 quam
987 2526 1063 2585 saepe
1074 2507 1146 2576 dico,

184 2610 214 2660 et
227 2601 413 2680 tranquillitas
435 2601 519 2658 animi
540 2609 626 2677 atque
640 2599 796 2671 securitas:
818 2598 842 2655 si
862 2597 977 2674 quidem
999 2615 1052 2655 nec
1073 2597 1147 2655 anxii

184 2691 272 2748 futuri
294 2691 372 2758 sunt?
390 2697 420 2748 et
441 2711 506 2748 cum
528 2689 668 2768 gravitate
693 2688 904 2765 constantiaque
925 2686 1034 2746 victuri.
1075 2688 1180 2756 Quae

184 2782 307 2838 faciliora
320 2789 387 2838 sunt
400 2780 585 2858 philosophie,
605 2798 662 2857 qno
682 2779 774 2836 minus
788 2778 879 2836 multa
893 2785 994 2855 patent
1007 2777 1035 2833 in
1049 2796 1148 2834 eorum

185 2871 251 2938 vita,
265 2889 331 2946 quae
348 2870 461 2928 fortuna
480 2869 571 2936 feriat,
586 2876 616 2927 et
634 2887 692 2945 qno
712 2868 804 2925 minus
822 2868 920 2926 multis
937 2868 1023 2925 rebus
1042 2874 1146 2945 egent:

76 2997 81 3004 -
185 2967 215 3016 et
235 2961 308 3036 quia,
324 2959 347 3016 si
371 2959 439 3035 quid
464 2958 575 3017 adversi
599 2958 718 3024 eveniat,
733 2964 799 3017 ,tam
822 2957 947 3035 graviter
970 2957 1072 3014 cadere
1091 2975 1149 3014 non

186 3056 312 3126 possunt.
354 3049 493 3119 Quocirca
506 3067 561 3105 non
576 3048 634 3104 sine
649 3066 734 3105 causa
747 3047 870 3125 majores
884 3054 978 3104 motus
991 3046 1148 3104 animorum
1163 3050 1201 3104 10

186 3139 369 3204 concitantur,
384 3139 532 3216 majorque
546 3137 684 3195 efficiendi
704 3155 773 3194 cura
785 3155 847 3194 rem
868 3136 1012 3214 publicam
1025 3135 1146 3214 gerenti-

186 3229 248 3294 bus,
263 3247 349 3304 quam
363 3228 465 3304 quietis
476 3247 483 3294 ;
504 3246 561 3305 quo
583 3226 674 3304 magis
696 3226 740 3283 his
762 3234 792 3283 et
813 3225 981 3304 magnitudo
1001 3232 1045 3284 est
1064 3223 1149 3282 animi

185 3317 346 3374 adhibenda
360 3324 389 3374 et
399 3317 526 3374 vacuatas
541 3317 577 3374 ab
591 3316 751 3394 angoribus.
793 3316 843 3374 Ad
856 3335 917 3373 rem
931 3314 1086 3393 gerendam
1099 3332 1148 3370 au·
1164 3317 1199 3371 11

184 3414 243 3464 tem
263 3407 312 3483 qui
332 3407 450 3472 accedit,
466 3413 573 3473 caveat,
595 3424 631 3463 ne
654 3405 684 3462 id
704 3405 791 3462 modo
814 3406 980 3471 consideret,
995 3421 1081 3480 quam
1101 3401 1149 3458 illa

184 3515 230 3554 res
251 3497 372 3554 honesta
386 3496 437 3552 sit:
460 3495 618 3562 sedetiam,
634 3502 667 3553 ut
690 3495 797 3553 habeat
816 3493 954 3552 efficiendi
973 3491 1147 3548 facultatem.

185 3586 221 3642 In
245 3605 302 3663 quo
325 3586 389 3662 ipso
412 3584 648 3644 considerandum
672 3592 725 3652 est,
750 3603 786 3641 nc
810 3590 861 3640 aut
884 3589 990 3638 temere
1014 3579 1148 3656 desperet
1164 3587 1201 3644 la

185 3681 304 3755 propter
324 3673 475 3754 ignaviam,
488 3680 540 3733 aut
560 3673 641 3734 nimis
665 3673 791 3733 confidat
812 3677 931 3751 propter
952 3668 1141 3748 cupiditatem

672 3760 712 3820 3*
