2692 4292
530 347 648 387 crerier.
698 348 766 388 cnr.
781 348 833 388 vn.
1153 332 1192 386 1⁸

169 474 199 534 in
214 495 271 552 qua
285 475 425 533 excellere
446 477 597 553 pulchrum
612 484 763 555 putamus:
784 477 841 534 labi
861 484 967 544 autem,
978 495 1079 543 errare,
1090 493 1139 533 ne·

171 567 250 633 scire,
271 565 371 641 decipi,
392 573 422 623 et
440 567 547 623 malum
569 577 598 624 et
617 576 701 644 turpe
720 567 858 624 ducimus.
900 568 935 624 In
956 567 1011 624 hoc
1034 571 1171 644 generet

171 666 201 714 et
215 656 336 712 naturali
351 664 381 712 et
402 657 522 712 honesto
537 656 595 714 duo
615 657 683 714 vitia
698 657 812 714 vitanda
826 665 910 714 sunt:
930 676 1027 722 unum,
1042 676 1078 713 ne
1097 656 1138 712 in·

172 745 285 824 cognita
305 765 358 823 pro
379 746 496 822 cognitis
516 746 680 814 habeamus,
697 746 796 824 bisque
816 755 922 804 temere
942 745 1137 804 assentiamur.

172 835 257 905 Quod
278 835 376 892 vitium
397 835 522 912 effugere
536 835 584 911 qui
598 836 684 902 volet,
701 834 810 912 (omnes
823 845 920 892 autem
934 835 1006 892 velle
1020 833 1138 912 debent)

172 926 320 984 adhibebit
347 925 385 981 ad
406 923 624 982 considerandas
644 944 691 982 res
711 933 739 982 et
766 933 880 1002 tempus
900 932 930 982 et
956 924 1137 1002 diligentiam.

173 1015 306 1073 Alterum
328 1022 371 1072 est
391 1015 498 1081 vitium,
513 1013 591 1091 quod
611 1014 727 1090 quidam
747 1013 828 1071 nimis
852 1033 989 1092 magnum
1012 1013 1172 1072 studium4

172 1106 349 1181 multamque
360 1120 474 1182 operam
492 1103 519 1161 iu
533 1123 578 1160 res
592 1105 729 1162 obscuras
743 1115 828 1180 atque
843 1103 968 1160 difficiles
982 1103 1138 1170 conferunt,

173 1195 345 1270 easdemque
359 1213 415 1250 uon
429 1193 608 1251 necessarias
647 1195 757 1262 Quibus
768 1193 839 1250 vitiis
854 1194 1008 1260 declinatis,
1020 1193 1097 1269 quod
1110 1194 1139 1251 iu
1154 1201 1171 1254 5

172 1284 258 1342 rebus
272 1283 396 1341 honestis
410 1291 439 1340 et
453 1283 610 1361 cognitione
627 1283 719 1362 dignis
739 1302 835 1360 operae
856 1302 988 1360 enraeque
1008 1292 1131 1360 ponetur

172 1374 202 1432 id
214 1374 278 1451 jure
292 1373 470 1431 laudabitur:
492 1372 566 1430 utin
581 1374 735 1451 astrologia
748 1374 781 1430 Ο.
797 1373 954 1451 Sulpicium
967 1373 1136 1442 audivimus,

173 1463 202 1522 in
215 1464 369 1541 geometria
384 1463 449 1520 Sex.
463 1463 631 1540 Pompeium
645 1462 699 1540 ipsi
713 1463 905 1541 eognovimus,
919 1462 1026 1520 multos
1038 1463 1066 1519 in
1081 1463 1140 1520 die·

173 1553 287 1621 lecticis,
304 1553 399 1630 plures
420 1553 447 1611 in
465 1553 529 1630 jure
550 1553 629 1610 civili.
672 1553 745 1620 Quae
759 1571 857 1610 omnes
877 1561 953 1609 artes
973 1552 1003 1608 in
1017 1552 1075 1609 veri
1095 1553 1169 1611 ιιι-6

172 1642 358 1721 vestigatione
378 1648 533 1709 versantur,
549 1642 631 1719 cujus
646 1641 741 1700 studio
755 1642 871 1698 erebus
891 1641 1022 1718 gerendis
1036 1639 1140 1700 abduci

173 1741 271 1792 contra
285 1731 406 1790 officium
421 1738 473 1789 est.
515 1731 636 1790 Virtutis
648 1731 721 1788 enim
731 1732 794 1805 laus
805 1731 895 1787 omnis
909 1731 937 1787 in
950 1731 1060 1788 actione
1074 1750 1140 1790 eon·

173 1823 262 1880 sistit:
285 1841 302 1878 a
316 1841 373 1899 qua
386 1829 481 1878 tamen
495 1822 527 1878 fit
541 1821 708 1878 intermissio
722 1839 808 1898 saepe,
824 1821 963 1897 multique
984 1820 1089 1878 dantur
1102 1820 1140 1880 ad

173 1913 268 1971 studia
281 1911 405 1969 reditus:
427 1919 490 1968 tum
505 1910 621 1989 agitatio
636 1911 747 1978 mentis,
763 1929 828 1987 quae
850 1929 994 1987 uunquam
1013 1911 1139 1987 acquies-

140 2053 142 2058 .
173 2003 219 2069 cit,
235 2009 330 2080 potest
344 2021 396 2058 nos
410 2001 437 2058 in
452 2001 552 2058 studiis
568 2000 743 2078 cognitionis,
755 2000 841 2058 etiam
860 2000 920 2058 sine
933 2019 1021 2077 opera
1034 2009 1139 2067 nostra,

173 2091 322 2150 continere.
365 2089 463 2148 Omnis
483 2097 579 2147 autem
603 2089 738 2168 cogitatio
766 2098 917 2167 motusque
937 2089 1023 2147 animi
1042 2097 1093 2148 aut
1112 2089 1173 2149 int

173 2181 293 2240 consiliis
307 2179 451 2258 capiendis
465 2179 501 2236 de
515 2181 600 2238 rebus
614 2180 740 2251 honestis
754 2187 784 2237 et
799 2179 1002 2257 pertinentibus
1015 2180 1054 2237 ad
1068 2181 1141 2238 bene

172 2271 313 2347 beateque
334 2269 494 2335 vivendum,
517 2277 567 2326 aut
590 2269 619 2325 in
639 2268 741 2327 studiis
766 2269 889 2327 scientiae
919 2270 1141 2348 cognitionisque

171 2360 337 2419 versabitur.
378 2359 424 2416 Ae
439 2359 475 2416 de
489 2359 580 2436 primo
594 2359 709 2436 quidem
722 2359 805 2416 officii
817 2359 896 2416 fonte
910 2359 1040 2418 diximus.

211 2539 280 2597 VII.
302 2538 347 2596 De
370 2537 462 2596 tribus
486 2546 583 2596 autem
608 2537 723 2614 reliquis
746 2537 881 2595 latissime
906 2543 987 2615 patet
1006 2556 1041 2595 ea
1060 2537 1141 2608 ratio,

172 2648 230 2707 qua
243 2628 361 2686 societas
382 2628 526 2685 hominum
545 2627 618 2686 inter
638 2627 715 2705 ipsos
729 2635 758 2684 et
772 2627 838 2685 vitae
854 2627 934 2706 quasi
953 2629 1141 2687 communitas

172 2719 346 2776 continetur:
373 2718 455 2794 cujus
482 2725 578 2795 partes
602 2717 679 2784 duae,
696 2716 877 2794 justitia,
899 2717 929 2774 in
948 2737 1006 2796 qua
1029 2718 1141 2778 virtutis

172 2807 307 2886 splendor
320 2814 364 2866 est
377 2807 524 2874 maximus
540 2826 574 2864 ex
589 2825 645 2884 qua
659 2807 711 2864 viri
730 2807 798 2865 boni
811 2808 1006 2875 nominantur;
1027 2816 1057 2866 et
1074 2810 1141 2868 huie

172 2897 324 2974 conjuncta
344 2896 633 2964 beneficentia,
649 2916 735 2973 quam
749 2897 868 2955 eandem
882 2898 928 2955 vel
938 2897 1142 2977 benignitatem

171 2987 216 3045 vel
230 2986 427 3045 liberalitatem
441 2986 581 3064 appellari
595 2987 669 3045 licet.
1180 2988 1321 3031 μ’
1335 2984 1338 2995 ’

213 3075 271 3134 Sed
292 3075 428 3153 justiti
438 3095 463 3133 ae
485 3075 608 3154 primum
623 3095 726 3134 munus
740 3083 792 3144 est,
803 3083 837 3134 ιιι
849 3096 885 3135 ne
899 3077 945 3135 cui
958 3077 1020 3153 quis
1031 3086 1140 3147 noceat,
1155 3086 1173 3139 2

170 3165 222 3224 nisi
244 3165 392 3223 lacessitus
414 3165 532 3244 injuria;
562 3166 663 3224 deinde
685 3174 718 3224 ut
735 3167 933 3225 communibus
948 3186 1000 3244 pro
1013 3187 1140 3227 commn-

169 3255 252 3314 nibus
274 3263 379 3323 utatur,
396 3256 511 3332 privatis
527 3263 573 3336 ,ιιι
596 3257 663 3314 suis
706 3255 781 3314 Sunt
802 3263 898 3314 autem
922 3258 1033 3334 privata
1060 3260 1171 3318 nullst

169 3353 278 3414 natura,
301 3345 352 3403 sed
381 3352 432 3402 aut
460 3353 555 3405 vetere
586 3345 780 3424 occupatione,
801 3353 835 3403 ut
864 3347 912 3423 qui
940 3349 1084 3424 quondam
1112 3349 1141 3406 in

170 3453 260 3493 vacua
280 3442 434 3502 venerunt3
456 3443 506 3492 aut
525 3435 650 3502 victoria,
665 3443 699 3493 ut
718 3436 766 3513 qui
786 3436 862 3494 bello
883 3437 966 3514 potiti
986 3444 1068 3503 sunt;
1089 3445 1141 3495 aut

169 3523 242 3602 lege,
264 3525 403 3602 pactione,
425 3524 593 3592 conditione,
614 3533 699 3584 sorte.
742 3526 786 3582 Ex
806 3542 863 3602 quo
887 3526 927 3593 fit,
942 3534 975 3583 ut
994 3544 1063 3603 ager
1083 3528 1139 3583 Ar-

169 3613 250 3692 pinas
271 3613 454 3691 Arpinatium
474 3613 593 3681 dicatur,
609 3613 785 3672 Tusculanus
805 3614 1043 3673 Tusculanorum:
1065 3615 1138 3675 simi·

168 3703 259 3784 lisque
273 3711 318 3762 est
332 3704 505 3782 privatarum
518 3703 728 3783 possessionum
742 3703 903 3782 descriptio.
944 3704 989 3763 Ex
1002 3724 1059 3784 quo
1072 3708 1139 3786 quia
1153 3713 1172 3767 4

673 3799 691 3852 2
