<?xml version="1.0" encoding="UTF-8"?>
<!DOCTYPE html PUBLIC "-//W3C//DTD XHTML 1.0 Transitional//EN"
    "http://www.w3.org/TR/xhtml1/DTD/xhtml1-transitional.dtd">
<html xmlns="http://www.w3.org/1999/xhtml" xml:lang="en" lang="en">
 <head>
  <title>
</title>
<meta http-equiv="Content-Type" content="text/html;charset=utf-8" />
  <meta name='ocr-system' content='tesseract 3.04.00' />
  <meta name='ocr-capabilities' content='ocr_page ocr_carea ocr_par ocr_line ocrx_word'/>
</head>
<body>
  <div class='ocr_page' id='page_1' title='image "./mtulliiciceroni02thacgoog_0110.png"; bbox 0 0 2692 4292; ppageno 0'>
   <div class='ocr_carea' id='block_1_1' title="bbox 196 325 794 382">
    <p class='ocr_par' dir='ltr' id='par_1_1' title="bbox 196 325 794 382">
     <span class='ocr_line' id='line_1_1' title="bbox 196 325 794 382; baseline -0.01 0"><span class='ocrx_word' id='word_1_1' title='bbox 196 325 235 382; x_wconf 69' lang='lat' dir='ltr'>td</span> <span class='ocrx_word' id='word_1_2' title='bbox 606 335 644 376; x_wconf 85' lang='lat' dir='ltr'>mr</span> <span class='ocrx_word' id='word_1_3' title='bbox 665 335 794 376; x_wconf 79' lang='lat' dir='ltr'>ornons</span> 
     </span>
    </p>
   </div>
   <div class='ocr_carea' id='block_1_2' title="bbox 213 463 1214 994">
    <p class='ocr_par' dir='ltr' id='par_1_2' title="bbox 213 463 1214 994">
     <span class='ocr_line' id='line_1_2' title="bbox 246 463 1213 542; baseline -0.002 -16"><span class='ocrx_word' id='word_1_4' title='bbox 246 469 400 526; x_wconf 91' lang='lat' dir='ltr'>honestum</span> <span class='ocrx_word' id='word_1_5' title='bbox 413 467 458 534; x_wconf 87' lang='lat' dir='ltr'>sit,</span> <span class='ocrx_word' id='word_1_6' title='bbox 472 465 502 524; x_wconf 90' lang='lat' dir='ltr'>id</span> <span class='ocrx_word' id='word_1_7' title='bbox 515 485 578 524; x_wconf 84' lang='lat' dir='ltr'>esse</span> <span class='ocrx_word' id='word_1_8' title='bbox 597 473 648 524; x_wconf 90' lang='lat' dir='ltr'>aut</span> <span class='ocrx_word' id='word_1_9' title='bbox 661 466 754 523; x_wconf 88' lang='lat' dir='ltr'>solum</span> <span class='ocrx_word' id='word_1_10' title='bbox 766 472 818 524; x_wconf 86' lang='lat' dir='ltr'>aut</span> <span class='ocrx_word' id='word_1_11' title='bbox 831 483 974 522; x_wconf 89' lang='lat' dir='ltr'>summum</span> <span class='ocrx_word' id='word_1_12' title='bbox 987 465 1111 524; x_wconf 87' lang='lat' dir='ltr'>bonum:</span> <span class='ocrx_word' id='word_1_13' title='bbox 1134 463 1213 542; x_wconf 91' lang='lat' dir='ltr'>quod</span> 
     </span>
     <span class='ocr_line' id='line_1_3' title="bbox 247 554 1213 631; baseline -0.002 -17"><span class='ocrx_word' id='word_1_14' title='bbox 247 565 343 614; x_wconf 90' lang='lat' dir='ltr'>autem</span> <span class='ocrx_word' id='word_1_15' title='bbox 359 558 472 624; x_wconf 90' lang='lat' dir='ltr'>bonum,</span> <span class='ocrx_word' id='word_1_16' title='bbox 486 557 515 613; x_wconf 94' lang='lat' dir='ltr'>id</span> <span class='ocrx_word' id='word_1_17' title='bbox 529 563 606 613; x_wconf 90' lang='lat' dir='ltr'>certe</span> <span class='ocrx_word' id='word_1_18' title='bbox 619 555 704 614; x_wconf 85' lang='lat' dir='ltr'>utile:</span> <span class='ocrx_word' id='word_1_19' title='bbox 719 555 760 613; x_wconf 89' lang='lat' dir='ltr'>ita</span> <span class='ocrx_word' id='word_1_20' title='bbox 772 554 907 631; x_wconf 87' lang='lat' dir='ltr'>quicquid</span> <span class='ocrx_word' id='word_1_21' title='bbox 921 555 1082 622; x_wconf 89' lang='lat' dir='ltr'>honestum,</span> <span class='ocrx_word' id='word_1_22' title='bbox 1090 555 1120 612; x_wconf 87' lang='lat' dir='ltr'>id</span> <span class='ocrx_word' id='word_1_23' title='bbox 1134 555 1213 613; x_wconf 89' lang='lat' dir='ltr'>utile.</span> 
     </span>
     <span class='ocr_line' id='line_1_4' title="bbox 213 644 1214 721; baseline -0.004 -16"><span class='ocrx_word' id='word_1_24' title='bbox 213 652 232 705; x_wconf 81' lang='lat'>4</span> <span class='ocrx_word' id='word_1_25' title='bbox 249 648 343 716; x_wconf 77' lang='lat' dir='ltr'>Quare</span> <span class='ocrx_word' id='word_1_26' title='bbox 357 665 434 704; x_wconf 90' lang='lat' dir='ltr'>error</span> <span class='ocrx_word' id='word_1_27' title='bbox 447 646 593 703; x_wconf 91' lang='lat' dir='ltr'>hominum</span> <span class='ocrx_word' id='word_1_28' title='bbox 606 664 662 702; x_wconf 92' lang='lat' dir='ltr'>non</span> <span class='ocrx_word' id='word_1_29' title='bbox 676 645 840 721; x_wconf 87' lang='lat' dir='ltr'>proborum,</span> <span class='ocrx_word' id='word_1_30' title='bbox 849 663 915 702; x_wconf 87' lang='lat' dir='ltr'>oum</span> <span class='ocrx_word' id='word_1_31' title='bbox 926 644 1041 720; x_wconf 90' lang='lat' dir='ltr'>aliquid,</span> <span class='ocrx_word' id='word_1_32' title='bbox 1051 645 1131 721; x_wconf 89' lang='lat' dir='ltr'>quod</span> <span class='ocrx_word' id='word_1_33' title='bbox 1144 645 1214 701; x_wconf 91' lang='lat' dir='ltr'>utile</span> 
     </span>
     <span class='ocr_line' id='line_1_5' title="bbox 213 733 1214 812; baseline -0.006 -16"><span class='ocrx_word' id='word_1_34' title='bbox 213 745 231 797; x_wconf 80' lang='grc' dir='ltr'><strong>ὅ</strong></span> <span class='ocrx_word' id='word_1_35' title='bbox 245 737 337 794; x_wconf 70' lang='lat' dir='ltr'>vuum</span> <span class='ocrx_word' id='word_1_36' title='bbox 357 744 409 803; x_wconf 88' lang='lat' dir='ltr'>est,</span> <span class='ocrx_word' id='word_1_37' title='bbox 426 735 551 812; x_wconf 84' lang='lat' dir='ltr'>arripuit,</span> <span class='ocrx_word' id='word_1_38' title='bbox 566 734 595 792; x_wconf 93' lang='lat' dir='ltr'>id</span> <span class='ocrx_word' id='word_1_39' title='bbox 616 735 750 792; x_wconf 86' lang='lat' dir='ltr'>contiuuo</span> <span class='ocrx_word' id='word_1_40' title='bbox 768 734 890 792; x_wconf 85' lang='lat' dir='ltr'>secernit</span> <span class='ocrx_word' id='word_1_41' title='bbox 910 735 948 792; x_wconf 92' lang='lat' dir='ltr'>ab</span> <span class='ocrx_word' id='word_1_42' title='bbox 969 735 1097 791; x_wconf 86' lang='lat' dir='ltr'>honesto.</span> <span class='ocrx_word' id='word_1_43' title='bbox 1139 733 1214 791; x_wconf 88' lang='lat' dir='ltr'>Hinc</span> 
     </span>
     <span class='ocr_line' id='line_1_6' title="bbox 245 822 1214 894; baseline -0.006 -10"><span class='ocrx_word' id='word_1_44' title='bbox 245 826 322 894; x_wconf 82' lang='lat' dir='ltr'>sioae,</span> <span class='ocrx_word' id='word_1_45' title='bbox 332 825 396 883; x_wconf 91' lang='lat' dir='ltr'>hinc</span> <span class='ocrx_word' id='word_1_46' title='bbox 404 843 520 890; x_wconf 87' lang='lat' dir='ltr'>venena,</span> <span class='ocrx_word' id='word_1_47' title='bbox 529 823 594 882; x_wconf 91' lang='lat' dir='ltr'>hinc</span> <span class='ocrx_word' id='word_1_48' title='bbox 604 823 678 880; x_wconf 74' lang='lat' dir='ltr'>falsa</span> <span class='ocrx_word' id='word_1_49' title='bbox 688 831 860 880; x_wconf 82' lang='lat' dir='ltr'>testamenta</span> <span class='ocrx_word' id='word_1_50' title='bbox 868 830 1037 880; x_wconf 78' lang='lat' dir='ltr'>nascuntur:</span> <span class='ocrx_word' id='word_1_51' title='bbox 1051 822 1118 880; x_wconf 88' lang='lat' dir='ltr'>binc</span> <span class='ocrx_word' id='word_1_52' title='bbox 1126 823 1214 892; x_wconf 80' lang='lat' dir='ltr'>furta,</span> 
     </span>
     <span class='ocr_line' id='line_1_7' title="bbox 245 912 1213 994; baseline -0.003 -22"><span class='ocrx_word' id='word_1_53' title='bbox 245 915 403 994; x_wconf 77' lang='lat' dir='ltr'>peculatus,</span> <span class='ocrx_word' id='word_1_54' title='bbox 418 912 602 990; x_wconf 77' lang='lat' dir='ltr'>expilationes</span> <span class='ocrx_word' id='word_1_55' title='bbox 623 912 853 989; x_wconf 78' lang='lat' dir='ltr'>direptionesque</span> <span class='ocrx_word' id='word_1_56' title='bbox 874 912 1014 970; x_wconf 86' lang='lat' dir='ltr'>sociorum</span> <span class='ocrx_word' id='word_1_57' title='bbox 1035 918 1066 969; x_wconf 92' lang='lat' dir='ltr'>et</span> <span class='ocrx_word' id='word_1_58' title='bbox 1090 912 1213 981; x_wconf 83' lang='lat' dir='ltr'>civium;</span> 
     </span>
    </p>
   </div>
   <div class='ocr_carea' id='block_1_3' title="bbox 205 1001 1275 3754">
    <p class='ocr_par' dir='ltr' id='par_1_3' title="bbox 205 1001 1275 3754">
     <span class='ocr_line' id='line_1_8' title="bbox 244 1001 1215 1081; baseline -0.003 -19"><span class='ocrx_word' id='word_1_59' title='bbox 244 1005 309 1063; x_wconf 93' lang='lat' dir='ltr'>hinc</span> <span class='ocrx_word' id='word_1_60' title='bbox 323 1024 410 1081; x_wconf 92' lang='lat' dir='ltr'>opum</span> <span class='ocrx_word' id='word_1_61' title='bbox 424 1003 572 1060; x_wconf 86' lang='lat' dir='ltr'>nimiarum</span> <span class='ocrx_word' id='word_1_62' title='bbox 586 1002 722 1079; x_wconf 80' lang='lat' dir='ltr'>potentiae</span> <span class='ocrx_word' id='word_1_63' title='bbox 735 1021 793 1060; x_wconf 84' lang='lat' dir='ltr'>uon</span> <span class='ocrx_word' id='word_1_64' title='bbox 806 1001 948 1068; x_wconf 74' lang='lat' dir='ltr'>serenda,</span> <span class='ocrx_word' id='word_1_65' title='bbox 967 1008 1113 1078; x_wconf 88' lang='lat' dir='ltr'>postremo</span> <span class='ocrx_word' id='word_1_66' title='bbox 1125 1002 1215 1059; x_wconf 89' lang='lat' dir='ltr'>etiam</span> 
     </span>
     <span class='ocr_line' id='line_1_9' title="bbox 244 1090 1215 1168; baseline -0.004 -16"><span class='ocrx_word' id='word_1_67' title='bbox 244 1093 271 1151; x_wconf 92' lang='lat' dir='ltr'>in</span> <span class='ocrx_word' id='word_1_68' title='bbox 285 1094 378 1152; x_wconf 88' lang='lat' dir='ltr'>liberis</span> <span class='ocrx_word' id='word_1_69' title='bbox 392 1092 552 1150; x_wconf 85' lang='lat' dir='ltr'>civitatibus</span> <span class='ocrx_word' id='word_1_70' title='bbox 565 1091 704 1168; x_wconf 84' lang='lat' dir='ltr'>regnandi</span> <span class='ocrx_word' id='word_1_71' title='bbox 717 1091 841 1148; x_wconf 85' lang='lat' dir='ltr'>existunt</span> <span class='ocrx_word' id='word_1_72' title='bbox 855 1091 1035 1167; x_wconf 86' lang='lat' dir='ltr'>cupiditates,</span> <span class='ocrx_word' id='word_1_73' title='bbox 1049 1090 1155 1166; x_wconf 88' lang='lat' dir='ltr'>quibus</span> <span class='ocrx_word' id='word_1_74' title='bbox 1169 1091 1215 1148; x_wconf 56' lang='lat' dir='ltr'>ni·⁴</span> 
     </span>
     <span class='ocr_line' id='line_1_10' title="bbox 212 1180 1215 1257; baseline -0.003 -16"><span class='ocrx_word' id='word_1_75' title='bbox 212 1187 229 1241; x_wconf 80' lang='lat' dir='ltr'>t</span> <span class='ocrx_word' id='word_1_76' title='bbox 244 1183 284 1240; x_wconf 92' lang='lat' dir='ltr'>hil</span> <span class='ocrx_word' id='word_1_77' title='bbox 297 1201 349 1240; x_wconf 88' lang='lat' dir='ltr'>neo</span> <span class='ocrx_word' id='word_1_78' title='bbox 363 1182 481 1248; x_wconf 78' lang='lat' dir='ltr'>taetrius,</span> <span class='ocrx_word' id='word_1_79' title='bbox 495 1199 548 1238; x_wconf 89' lang='lat' dir='ltr'>nec</span> <span class='ocrx_word' id='word_1_80' title='bbox 562 1181 667 1238; x_wconf 83' lang='lat' dir='ltr'>ioedius</span> <span class='ocrx_word' id='word_1_81' title='bbox 688 1180 843 1257; x_wconf 84' lang='lat' dir='ltr'>excogitari</span> <span class='ocrx_word' id='word_1_82' title='bbox 863 1186 967 1257; x_wconf 86' lang='lat' dir='ltr'>potest.</span> <span class='ocrx_word' id='word_1_83' title='bbox 1008 1180 1215 1238; x_wconf 74' lang='lat' dir='ltr'>Emolumenta</span> 
     </span>
     <span class='ocr_line' id='line_1_11' title="bbox 243 1269 1215 1348; baseline -0.003 -19"><span class='ocrx_word' id='word_1_84' title='bbox 243 1272 318 1329; x_wconf 90' lang='lat' dir='ltr'>enim</span> <span class='ocrx_word' id='word_1_85' title='bbox 332 1289 426 1328; x_wconf 90' lang='lat' dir='ltr'>rerum</span> <span class='ocrx_word' id='word_1_86' title='bbox 445 1271 594 1328; x_wconf 78' lang='lat' dir='ltr'>fallacibus</span> <span class='ocrx_word' id='word_1_87' title='bbox 611 1270 725 1348; x_wconf 86' lang='lat' dir='ltr'>judiciis</span> <span class='ocrx_word' id='word_1_88' title='bbox 738 1270 853 1328; x_wconf 83' lang='lat' dir='ltr'>videat:</span> <span class='ocrx_word' id='word_1_89' title='bbox 874 1288 999 1346; x_wconf 86' lang='lat' dir='ltr'>poenam,</span> <span class='ocrx_word' id='word_1_90' title='bbox 1014 1288 1072 1326; x_wconf 93' lang='lat' dir='ltr'>non</span> <span class='ocrx_word' id='word_1_91' title='bbox 1092 1269 1157 1326; x_wconf 90' lang='lat' dir='ltr'>dico</span> <span class='ocrx_word' id='word_1_92' title='bbox 1170 1269 1215 1326; x_wconf 91' lang='lat' dir='ltr'>le·</span> 
     </span>
     <span class='ocr_line' id='line_1_12' title="bbox 242 1359 1215 1438; baseline -0.003 -20"><span class='ocrx_word' id='word_1_93' title='bbox 242 1379 321 1438; x_wconf 84' lang='lat' dir='ltr'>gum,</span> <span class='ocrx_word' id='word_1_94' title='bbox 336 1379 423 1437; x_wconf 90' lang='lat' dir='ltr'>quam</span> <span class='ocrx_word' id='word_1_95' title='bbox 442 1377 523 1437; x_wconf 84' lang='lat' dir='ltr'>saepe</span> <span class='ocrx_word' id='word_1_96' title='bbox 546 1367 745 1437; x_wconf 89' lang='lat' dir='ltr'>perrumpunt,</span> <span class='ocrx_word' id='word_1_97' title='bbox 759 1359 811 1417; x_wconf 88' lang='lat' dir='ltr'>sed</span> <span class='ocrx_word' id='word_1_98' title='bbox 828 1359 917 1436; x_wconf 87' lang='lat' dir='ltr'>ipsius</span> <span class='ocrx_word' id='word_1_99' title='bbox 938 1359 1132 1435; x_wconf 84' lang='lat' dir='ltr'>turpitudinis,</span> <span class='ocrx_word' id='word_1_100' title='bbox 1145 1377 1215 1435; x_wconf 80' lang='lat' dir='ltr'>quae</span> 
     </span>
     <span class='ocr_line' id='line_1_13' title="bbox 210 1447 1213 1524; baseline -0.003 -15"><span class='ocrx_word' id='word_1_101' title='bbox 210 1449 227 1510; x_wconf 87' lang='lat' dir='ltr'>&#39;l</span> <span class='ocrx_word' id='word_1_102' title='bbox 242 1450 422 1508; x_wconf 87' lang='lat' dir='ltr'>acerbissima</span> <span class='ocrx_word' id='word_1_103' title='bbox 435 1457 488 1516; x_wconf 87' lang='lat' dir='ltr'>est,</span> <span class='ocrx_word' id='word_1_104' title='bbox 503 1467 560 1506; x_wconf 92' lang='lat' dir='ltr'>non</span> <span class='ocrx_word' id='word_1_105' title='bbox 575 1448 682 1508; x_wconf 84' lang='lat' dir='ltr'>vident.</span> <span class='ocrx_word' id='word_1_106' title='bbox 724 1449 917 1517; x_wconf 80' lang='lat' dir='ltr'>Quamobrem</span> <span class='ocrx_word' id='word_1_107' title='bbox 936 1449 992 1506; x_wconf 91' lang='lat' dir='ltr'>hoc</span> <span class='ocrx_word' id='word_1_108' title='bbox 1007 1447 1127 1524; x_wconf 91' lang='lat' dir='ltr'>quidem</span> <span class='ocrx_word' id='word_1_109' title='bbox 1140 1448 1213 1506; x_wconf 92' lang='lat' dir='ltr'>deli·</span> 
     </span>
     <span class='ocr_line' id='line_1_14' title="bbox 242 1536 1214 1616; baseline -0.004 -18"><span class='ocrx_word' id='word_1_110' title='bbox 242 1540 400 1598; x_wconf 90' lang='lat' dir='ltr'>berantium</span> <span class='ocrx_word' id='word_1_111' title='bbox 423 1557 515 1616; x_wconf 88' lang='lat' dir='ltr'>genus</span> <span class='ocrx_word' id='word_1_112' title='bbox 537 1537 661 1615; x_wconf 80' lang='lat' dir='ltr'>pellatur</span> <span class='ocrx_word' id='word_1_113' title='bbox 674 1557 691 1595; x_wconf 92' lang='lat' dir='ltr'>e</span> <span class='ocrx_word' id='word_1_114' title='bbox 704 1537 799 1596; x_wconf 90' lang='lat' dir='ltr'>medio</span> <span class='ocrx_word' id='word_1_115' title='bbox 813 1536 871 1616; x_wconf 85' lang='lat' dir='ltr'>(est</span> <span class='ocrx_word' id='word_1_116' title='bbox 890 1537 965 1595; x_wconf 92' lang='lat' dir='ltr'>enim</span> <span class='ocrx_word' id='word_1_117' title='bbox 981 1544 1075 1594; x_wconf 90' lang='lat' dir='ltr'>totum</span> <span class='ocrx_word' id='word_1_118' title='bbox 1089 1536 1214 1595; x_wconf 78' lang='lat' dir='ltr'>scelera·</span> 
     </span>
     <span class='ocr_line' id='line_1_15' title="bbox 241 1626 1214 1706; baseline -0.005 -18"><span class='ocrx_word' id='word_1_119' title='bbox 241 1637 304 1688; x_wconf 89' lang='lat' dir='ltr'>tum</span> <span class='ocrx_word' id='word_1_120' title='bbox 325 1636 355 1688; x_wconf 87' lang='lat' dir='ltr'>et</span> <span class='ocrx_word' id='word_1_121' title='bbox 376 1627 506 1706; x_wconf 87' lang='lat' dir='ltr'>impium)</span> <span class='ocrx_word' id='word_1_122' title='bbox 528 1627 577 1704; x_wconf 93' lang='lat' dir='ltr'>qui</span> <span class='ocrx_word' id='word_1_123' title='bbox 598 1627 765 1694; x_wconf 90' lang='lat' dir='ltr'>deliberant,</span> <span class='ocrx_word' id='word_1_124' title='bbox 779 1635 877 1684; x_wconf 90' lang='lat' dir='ltr'>utrum</span> <span class='ocrx_word' id='word_1_125' title='bbox 898 1626 929 1684; x_wconf 92' lang='lat' dir='ltr'>id</span> <span class='ocrx_word' id='word_1_126' title='bbox 948 1634 1114 1703; x_wconf 89' lang='lat' dir='ltr'>sequantur,</span> <span class='ocrx_word' id='word_1_127' title='bbox 1130 1626 1214 1702; x_wconf 94' lang='lat' dir='ltr'>quod</span> 
     </span>
     <span class='ocr_line' id='line_1_16' title="bbox 241 1715 1214 1783; baseline -0.004 -7"><span class='ocrx_word' id='word_1_128' title='bbox 241 1719 465 1776; x_wconf 89' lang='lat' dir='ltr'>honestumessc</span> <span class='ocrx_word' id='word_1_129' title='bbox 474 1716 816 1783; x_wconf 84' lang='lat' dir='ltr'>videant,ansescieutes</span> <span class='ocrx_word' id='word_1_130' title='bbox 828 1716 935 1774; x_wconf 88' lang='lat' dir='ltr'>scelere</span> <span class='ocrx_word' id='word_1_131' title='bbox 945 1715 1144 1773; x_wconf 86' lang='lat' dir='ltr'>contaminent.</span> <span class='ocrx_word' id='word_1_132' title='bbox 1173 1715 1214 1772; x_wconf 93' lang='lat' dir='ltr'>In</span> 
     </span>
     <span class='ocr_line' id='line_1_17' title="bbox 240 1805 1212 1884; baseline -0.002 -20"><span class='ocrx_word' id='word_1_133' title='bbox 240 1808 302 1884; x_wconf 88' lang='lat' dir='ltr'>ipsa</span> <span class='ocrx_word' id='word_1_134' title='bbox 316 1807 389 1864; x_wconf 90' lang='lat' dir='ltr'>enim</span> <span class='ocrx_word' id='word_1_135' title='bbox 404 1805 580 1863; x_wconf 81' lang='lat' dir='ltr'>dubitatione</span> <span class='ocrx_word' id='word_1_136' title='bbox 600 1805 710 1862; x_wconf 79' lang='lat' dir='ltr'>facinus</span> <span class='ocrx_word' id='word_1_137' title='bbox 722 1805 806 1872; x_wconf 87' lang='lat' dir='ltr'>inest,</span> <span class='ocrx_word' id='word_1_138' title='bbox 820 1805 929 1863; x_wconf 85' lang='lat' dir='ltr'>etiamsi</span> <span class='ocrx_word' id='word_1_139' title='bbox 941 1805 1023 1863; x_wconf 90' lang='lat' dir='ltr'>adid</span> <span class='ocrx_word' id='word_1_140' title='bbox 1037 1823 1095 1861; x_wconf 94' lang='lat' dir='ltr'>non</span> <span class='ocrx_word' id='word_1_141' title='bbox 1108 1823 1212 1881; x_wconf 84' lang='lat' dir='ltr'>perre-</span> 
     </span>
     <span class='ocr_line' id='line_1_18' title="bbox 208 1893 1213 1971; baseline 0 -18"><span class='ocrx_word' id='word_1_142' title='bbox 208 1902 227 1954; x_wconf 80' lang='lat'>8</span> <span class='ocrx_word' id='word_1_143' title='bbox 240 1895 339 1952; x_wconf 88' lang='lat' dir='ltr'>nerint.</span> <span class='ocrx_word' id='word_1_144' title='bbox 381 1895 459 1971; x_wconf 87' lang='lat' dir='ltr'>Ergo</span> <span class='ocrx_word' id='word_1_145' title='bbox 473 1913 507 1950; x_wconf 87' lang='lat' dir='ltr'>ea</span> <span class='ocrx_word' id='word_1_146' title='bbox 521 1894 706 1952; x_wconf 87' lang='lat' dir='ltr'>deliberanda</span> <span class='ocrx_word' id='word_1_147' title='bbox 718 1895 832 1952; x_wconf 90' lang='lat' dir='ltr'>omnino</span> <span class='ocrx_word' id='word_1_148' title='bbox 844 1914 902 1953; x_wconf 90' lang='lat' dir='ltr'>uon</span> <span class='ocrx_word' id='word_1_149' title='bbox 914 1901 989 1962; x_wconf 78' lang='lat' dir='ltr'>arsut,</span> <span class='ocrx_word' id='word_1_150' title='bbox 1001 1894 1032 1952; x_wconf 91' lang='lat' dir='ltr'>in</span> <span class='ocrx_word' id='word_1_151' title='bbox 1046 1893 1150 1971; x_wconf 85' lang='lat' dir='ltr'>quibos</span> <span class='ocrx_word' id='word_1_152' title='bbox 1163 1901 1213 1952; x_wconf 81' lang='lat' dir='ltr'>est</span> 
     </span>
     <span class='ocr_line' id='line_1_19' title="bbox 241 1982 598 2059; baseline 0 -18"><span class='ocrx_word' id='word_1_153' title='bbox 241 1983 334 2059; x_wconf 86' lang='lat' dir='ltr'>turpis</span> <span class='ocrx_word' id='word_1_154' title='bbox 348 1983 411 2058; x_wconf 84' lang='lat' dir='ltr'>ipsa</span> <span class='ocrx_word' id='word_1_155' title='bbox 425 1982 598 2042; x_wconf 75' lang='lat' dir='ltr'>deliberatio</span> 
     </span>
     <span class='ocr_line' id='line_1_20' title="bbox 208 2071 1212 2148; baseline -0.002 -16"><span class='ocrx_word' id='word_1_156' title='bbox 208 2079 227 2132; x_wconf 82' lang='grc'>9</span> <span class='ocrx_word' id='word_1_157' title='bbox 280 2073 377 2148; x_wconf 85' lang='lat' dir='ltr'>Atque</span> <span class='ocrx_word' id='word_1_158' title='bbox 399 2071 485 2129; x_wconf 87' lang='lat' dir='ltr'>etiam</span> <span class='ocrx_word' id='word_1_159' title='bbox 507 2090 543 2129; x_wconf 89' lang='lat' dir='ltr'>ex</span> <span class='ocrx_word' id='word_1_160' title='bbox 562 2071 639 2130; x_wconf 91' lang='lat' dir='ltr'>omni</span> <span class='ocrx_word' id='word_1_161' title='bbox 658 2071 861 2132; x_wconf 81' lang='lat' dir='ltr'>deliberatione</span> <span class='ocrx_word' id='word_1_162' title='bbox 880 2071 990 2131; x_wconf 86' lang='lat' dir='ltr'>celandi</span> <span class='ocrx_word' id='word_1_163' title='bbox 1003 2078 1034 2129; x_wconf 92' lang='lat' dir='ltr'>et</span> <span class='ocrx_word' id='word_1_164' title='bbox 1046 2071 1212 2130; x_wconf 88' lang='lat' dir='ltr'>occultandi</span> 
     </span>
     <span class='ocr_line' id='line_1_21' title="bbox 240 2161 1275 2240; baseline 0.002 -22"><span class='ocrx_word' id='word_1_165' title='bbox 240 2179 307 2240; x_wconf 89' lang='lat' dir='ltr'>spes</span> <span class='ocrx_word' id='word_1_166' title='bbox 329 2161 478 2238; x_wconf 91' lang='lat' dir='ltr'>opinioque</span> <span class='ocrx_word' id='word_1_167' title='bbox 500 2161 671 2220; x_wconf 87' lang='lat' dir='ltr'>removenda</span> <span class='ocrx_word' id='word_1_168' title='bbox 692 2169 746 2220; x_wconf 89' lang='lat' dir='ltr'>est.</span> <span class='ocrx_word' id='word_1_169' title='bbox 787 2162 865 2220; x_wconf 83' lang='lat' dir='ltr'>Satis</span> <span class='ocrx_word' id='word_1_170' title='bbox 885 2163 959 2220; x_wconf 91' lang='lat' dir='ltr'>enim</span> <span class='ocrx_word' id='word_1_171' title='bbox 972 2161 1101 2228; x_wconf 85' lang='lat' dir='ltr'>nobis,si</span> <span class='ocrx_word' id='word_1_172' title='bbox 1120 2163 1211 2220; x_wconf 90' lang='lat' dir='ltr'>modo</span> <span class='ocrx_word' id='word_1_173' title='bbox 1260 2203 1275 2213; x_wconf 72' lang='lat'><em>·</em></span> 
     </span>
     <span class='ocr_line' id='line_1_22' title="bbox 240 2250 1211 2330; baseline 0 -21"><span class='ocrx_word' id='word_1_174' title='bbox 240 2250 269 2309; x_wconf 92' lang='lat' dir='ltr'>in</span> <span class='ocrx_word' id='word_1_175' title='bbox 283 2251 463 2330; x_wconf 89' lang='lat' dir='ltr'>philosophia</span> <span class='ocrx_word' id='word_1_176' title='bbox 482 2251 590 2327; x_wconf 90' lang='lat' dir='ltr'>aliquid</span> <span class='ocrx_word' id='word_1_177' title='bbox 609 2251 788 2328; x_wconf 86' lang='lat' dir='ltr'>proiecimus,</span> <span class='ocrx_word' id='word_1_178' title='bbox 804 2270 970 2328; x_wconf 87' lang='lat' dir='ltr'>persuasum</span> <span class='ocrx_word' id='word_1_179' title='bbox 990 2270 1053 2309; x_wconf 87' lang='lat' dir='ltr'>esse</span> <span class='ocrx_word' id='word_1_180' title='bbox 1072 2250 1168 2318; x_wconf 92' lang='lat' dir='ltr'>debet,</span> <span class='ocrx_word' id='word_1_181' title='bbox 1182 2252 1211 2309; x_wconf 88' lang='lat' dir='ltr'>si</span> 
     </span>
     <span class='ocr_line' id='line_1_23' title="bbox 240 2339 1209 2416; baseline -0.003 -17"><span class='ocrx_word' id='word_1_182' title='bbox 240 2359 338 2399; x_wconf 89' lang='lat' dir='ltr'>omnes</span> <span class='ocrx_word' id='word_1_183' title='bbox 357 2341 426 2398; x_wconf 91' lang='lat' dir='ltr'>deos</span> <span class='ocrx_word' id='word_1_184' title='bbox 440 2339 624 2416; x_wconf 70' lang='lat' dir='ltr'>hominesque</span> <span class='ocrx_word' id='word_1_185' title='bbox 645 2341 737 2397; x_wconf 90' lang='lat' dir='ltr'>celare</span> <span class='ocrx_word' id='word_1_186' title='bbox 755 2341 905 2416; x_wconf 85' lang='lat' dir='ltr'>possimus,</span> <span class='ocrx_word' id='word_1_187' title='bbox 919 2341 989 2398; x_wconf 89' lang='lat' dir='ltr'>nihil</span> <span class='ocrx_word' id='word_1_188' title='bbox 1002 2347 1098 2397; x_wconf 92' lang='lat' dir='ltr'>tamen</span> <span class='ocrx_word' id='word_1_189' title='bbox 1110 2359 1209 2409; x_wconf 87' lang='lat' dir='ltr'>avare,</span> 
     </span>
     <span class='ocr_line' id='line_1_24' title="bbox 240 2427 1208 2508; baseline -0.002 -20"><span class='ocrx_word' id='word_1_190' title='bbox 240 2430 308 2488; x_wconf 92' lang='lat' dir='ltr'>nihil</span> <span class='ocrx_word' id='word_1_191' title='bbox 322 2429 519 2508; x_wconf 71' lang='lat' dir='ltr'>injusternihil</span> <span class='ocrx_word' id='word_1_192' title='bbox 532 2427 689 2496; x_wconf 81' lang='lat' dir='ltr'>libidinose,</span> <span class='ocrx_word' id='word_1_193' title='bbox 703 2430 773 2486; x_wconf 88' lang='lat' dir='ltr'>nihil</span> <span class='ocrx_word' id='word_1_194' title='bbox 792 2429 998 2488; x_wconf 78' lang='lat' dir='ltr'>incontinenter</span> <span class='ocrx_word' id='word_1_195' title='bbox 1016 2447 1079 2486; x_wconf 86' lang='lat' dir='ltr'>esse</span> <span class='ocrx_word' id='word_1_196' title='bbox 1100 2429 1208 2486; x_wconf 85' lang='lat' dir='ltr'>sacien-</span> 
     </span>
     <span class='ocr_line' id='line_1_25' title="bbox 240 2517 1208 2596; baseline -0.003 -17"><span class='ocrx_word' id='word_1_197' title='bbox 240 2519 319 2579; x_wconf 84' lang='lat' dir='ltr'>dum.</span> <span class='ocrx_word' id='word_1_198' title='bbox 361 2519 411 2578; x_wconf 89' lang='lat' dir='ltr'>IX.</span> <span class='ocrx_word' id='word_1_199' title='bbox 433 2519 507 2578; x_wconf 91' lang='lat' dir='ltr'>Hinc</span> <span class='ocrx_word' id='word_1_200' title='bbox 527 2518 575 2575; x_wconf 90' lang='lat' dir='ltr'>ille</span> <span class='ocrx_word' id='word_1_201' title='bbox 597 2517 697 2596; x_wconf 85' lang='lat' dir='ltr'>Gyges</span> <span class='ocrx_word' id='word_1_202' title='bbox 716 2519 861 2576; x_wconf 91' lang='lat' dir='ltr'>inducitur</span> <span class='ocrx_word' id='word_1_203' title='bbox 873 2537 892 2576; x_wconf 89' lang='lat' dir='ltr'>a</span> <span class='ocrx_word' id='word_1_204' title='bbox 904 2519 1040 2576; x_wconf 88' lang='lat' dir='ltr'>Platone:</span> <span class='ocrx_word' id='word_1_205' title='bbox 1063 2518 1121 2593; x_wconf 93' lang='lat' dir='ltr'>qui,</span> <span class='ocrx_word' id='word_1_206' title='bbox 1137 2537 1208 2576; x_wconf 89' lang='lat' dir='ltr'>cam</span> 
     </span>
     <span class='ocr_line' id='line_1_26' title="bbox 239 2607 1209 2685; baseline -0.004 -17"><span class='ocrx_word' id='word_1_207' title='bbox 239 2617 315 2668; x_wconf 87' lang='lat' dir='ltr'>terra</span> <span class='ocrx_word' id='word_1_208' title='bbox 337 2608 512 2666; x_wconf 86' lang='lat' dir='ltr'>discessisset</span> <span class='ocrx_word' id='word_1_209' title='bbox 532 2607 643 2685; x_wconf 87' lang='lat' dir='ltr'>magnis</span> <span class='ocrx_word' id='word_1_210' title='bbox 662 2608 834 2684; x_wconf 90' lang='lat' dir='ltr'>quibusdam</span> <span class='ocrx_word' id='word_1_211' title='bbox 854 2608 1001 2674; x_wconf 89' lang='lat' dir='ltr'>imbribus,</span> <span class='ocrx_word' id='word_1_212' title='bbox 1016 2607 1163 2665; x_wconf 87' lang='lat' dir='ltr'>descendit</span> <span class='ocrx_word' id='word_1_213' title='bbox 1174 2607 1209 2664; x_wconf 93' lang='lat' dir='ltr'>in</span> 
     </span>
     <span class='ocr_line' id='line_1_27' title="bbox 238 2696 1207 2773; baseline -0.002 -17"><span class='ocrx_word' id='word_1_214' title='bbox 238 2699 318 2756; x_wconf 90' lang='lat' dir='ltr'>illum</span> <span class='ocrx_word' id='word_1_215' title='bbox 337 2697 454 2763; x_wconf 86' lang='lat' dir='ltr'>hiatum,</span> <span class='ocrx_word' id='word_1_216' title='bbox 470 2713 635 2772; x_wconf 80' lang='lat' dir='ltr'>aeneumqne</span> <span class='ocrx_word' id='word_1_217' title='bbox 649 2714 764 2773; x_wconf 88' lang='lat' dir='ltr'>equum,</span> <span class='ocrx_word' id='word_1_218' title='bbox 777 2703 813 2753; x_wconf 91' lang='lat' dir='ltr'>ut</span> <span class='ocrx_word' id='word_1_219' title='bbox 831 2697 927 2754; x_wconf 83' lang='lat' dir='ltr'>ierunt</span> <span class='ocrx_word' id='word_1_220' title='bbox 946 2697 1062 2763; x_wconf 77' lang='lat' dir='ltr'>tabulae,</span> <span class='ocrx_word' id='word_1_221' title='bbox 1077 2696 1207 2754; x_wconf 89' lang='lat' dir='ltr'>animad-</span> 
     </span>
     <span class='ocr_line' id='line_1_28' title="bbox 238 2784 1207 2863; baseline -0.001 -20"><span class='ocrx_word' id='word_1_222' title='bbox 238 2787 331 2853; x_wconf 88' lang='lat' dir='ltr'>vertit,</span> <span class='ocrx_word' id='word_1_223' title='bbox 347 2787 428 2863; x_wconf 89' lang='lat' dir='ltr'>cujus</span> <span class='ocrx_word' id='word_1_224' title='bbox 442 2785 470 2842; x_wconf 93' lang='lat' dir='ltr'>in</span> <span class='ocrx_word' id='word_1_225' title='bbox 484 2784 618 2843; x_wconf 86' lang='lat' dir='ltr'>lateribus</span> <span class='ocrx_word' id='word_1_226' title='bbox 631 2785 707 2842; x_wconf 83' lang='lat' dir='ltr'>iores</span> <span class='ocrx_word' id='word_1_227' title='bbox 720 2793 834 2843; x_wconf 87' lang='lat' dir='ltr'>essent:</span> <span class='ocrx_word' id='word_1_228' title='bbox 855 2786 959 2862; x_wconf 88' lang='lat' dir='ltr'>quibus</span> <span class='ocrx_word' id='word_1_229' title='bbox 979 2785 1085 2862; x_wconf 90' lang='lat' dir='ltr'>apertis</span> <span class='ocrx_word' id='word_1_230' title='bbox 1098 2804 1207 2861; x_wconf 86' lang='lat' dir='ltr'>eorpus</span> 
     </span>
     <span class='ocr_line' id='line_1_29' title="bbox 238 2873 1206 2952; baseline 0.001 -21"><span class='ocrx_word' id='word_1_231' title='bbox 238 2874 358 2932; x_wconf 90' lang='lat' dir='ltr'>hominis</span> <span class='ocrx_word' id='word_1_232' title='bbox 372 2874 477 2931; x_wconf 89' lang='lat' dir='ltr'>mortui</span> <span class='ocrx_word' id='word_1_233' title='bbox 489 2873 559 2932; x_wconf 77' lang='lat' dir='ltr'>vidit</span> <span class='ocrx_word' id='word_1_234' title='bbox 572 2874 767 2952; x_wconf 84' lang='lat' dir='ltr'>magnitudine</span> <span class='ocrx_word' id='word_1_235' title='bbox 779 2875 922 2941; x_wconf 87' lang='lat' dir='ltr'>inusitata,</span> <span class='ocrx_word' id='word_1_236' title='bbox 932 2876 1107 2950; x_wconf 89' lang='lat' dir='ltr'>anulumque</span> <span class='ocrx_word' id='word_1_237' title='bbox 1119 2893 1206 2932; x_wconf 88' lang='lat' dir='ltr'>aure-</span> 
     </span>
     <span class='ocr_line' id='line_1_30' title="bbox 238 2961 1205 3042; baseline 0.003 -25"><span class='ocrx_word' id='word_1_238' title='bbox 238 2981 288 3018; x_wconf 90' lang='lat' dir='ltr'>um</span> <span class='ocrx_word' id='word_1_239' title='bbox 302 2963 330 3018; x_wconf 94' lang='lat' dir='ltr'>in</span> <span class='ocrx_word' id='word_1_240' title='bbox 344 2961 450 3038; x_wconf 84' lang='lat' dir='ltr'>digito:</span> <span class='ocrx_word' id='word_1_241' title='bbox 472 2981 557 3038; x_wconf 89' lang='lat' dir='ltr'>quem</span> <span class='ocrx_word' id='word_1_242' title='bbox 577 2970 611 3020; x_wconf 89' lang='lat' dir='ltr'>ut</span> <span class='ocrx_word' id='word_1_243' title='bbox 631 2963 762 3031; x_wconf 87' lang='lat' dir='ltr'>detraxit,</span> <span class='ocrx_word' id='word_1_244' title='bbox 776 2965 838 3040; x_wconf 90' lang='lat' dir='ltr'>ipse</span> <span class='ocrx_word' id='word_1_245' title='bbox 850 2964 943 3022; x_wconf 90' lang='lat' dir='ltr'>induit</span> <span class='ocrx_word' id='word_1_246' title='bbox 958 2962 1033 3042; x_wconf 87' lang='lat' dir='ltr'>(erat</span> <span class='ocrx_word' id='word_1_247' title='bbox 1046 2970 1144 3020; x_wconf 87' lang='lat' dir='ltr'>autem</span> <span class='ocrx_word' id='word_1_248' title='bbox 1159 2982 1205 3020; x_wconf 91' lang='lat' dir='ltr'>re-</span> 
     </span>
     <span class='ocr_line' id='line_1_31' title="bbox 207 3049 1205 3130; baseline 0.001 -20"><span class='ocrx_word' id='word_1_249' title='bbox 207 3057 224 3110; x_wconf 78' lang='lat'>2</span> <span class='ocrx_word' id='word_1_250' title='bbox 240 3051 302 3128; x_wconf 86' lang='lat' dir='ltr'>gius</span> <span class='ocrx_word' id='word_1_251' title='bbox 317 3049 426 3127; x_wconf 89' lang='lat' dir='ltr'>pastor)</span> <span class='ocrx_word' id='word_1_252' title='bbox 441 3058 503 3108; x_wconf 90' lang='lat' dir='ltr'>tum</span> <span class='ocrx_word' id='word_1_253' title='bbox 517 3051 545 3108; x_wconf 92' lang='lat' dir='ltr'>in</span> <span class='ocrx_word' id='word_1_254' title='bbox 560 3052 709 3110; x_wconf 89' lang='lat' dir='ltr'>concilium</span> <span class='ocrx_word' id='word_1_255' title='bbox 722 3073 753 3112; x_wconf 89' lang='lat' dir='ltr'>se</span> <span class='ocrx_word' id='word_1_256' title='bbox 767 3062 914 3130; x_wconf 79' lang='lat' dir='ltr'>pastorum</span> <span class='ocrx_word' id='word_1_257' title='bbox 927 3053 1042 3129; x_wconf 87' lang='lat' dir='ltr'>recepit.</span> <span class='ocrx_word' id='word_1_258' title='bbox 1077 3052 1122 3110; x_wconf 87' lang='lat' dir='ltr'>lbi</span> <span class='ocrx_word' id='word_1_259' title='bbox 1136 3072 1205 3111; x_wconf 91' lang='lat' dir='ltr'>oum</span> 
     </span>
     <span class='ocr_line' id='line_1_32' title="bbox 239 3139 1202 3216; baseline 0.005 -22"><span class='ocrx_word' id='word_1_260' title='bbox 239 3139 334 3216; x_wconf 85' lang='lat' dir='ltr'>palam</span> <span class='ocrx_word' id='word_1_261' title='bbox 355 3139 418 3214; x_wconf 88' lang='lat' dir='ltr'>ejus</span> <span class='ocrx_word' id='word_1_262' title='bbox 439 3140 514 3197; x_wconf 86' lang='lat' dir='ltr'>anuli</span> <span class='ocrx_word' id='word_1_263' title='bbox 528 3141 565 3197; x_wconf 90' lang='lat' dir='ltr'>ad</span> <span class='ocrx_word' id='word_1_264' title='bbox 580 3141 705 3216; x_wconf 88' lang='lat' dir='ltr'>palmam</span> <span class='ocrx_word' id='word_1_265' title='bbox 718 3150 903 3210; x_wconf 83' lang='lat' dir='ltr'>converterat,</span> <span class='ocrx_word' id='word_1_266' title='bbox 918 3161 936 3199; x_wconf 95' lang='lat' dir='ltr'>a</span> <span class='ocrx_word' id='word_1_267' title='bbox 949 3143 1027 3200; x_wconf 90' lang='lat' dir='ltr'>nullo</span> <span class='ocrx_word' id='word_1_268' title='bbox 1042 3142 1202 3211; x_wconf 83' lang='lat' dir='ltr'>videbatur,</span> 
     </span>
     <span class='ocr_line' id='line_1_33' title="bbox 237 3228 1205 3306; baseline 0.002 -20"><span class='ocrx_word' id='word_1_269' title='bbox 237 3228 298 3306; x_wconf 86' lang='lat' dir='ltr'>ipse</span> <span class='ocrx_word' id='word_1_270' title='bbox 320 3234 416 3284; x_wconf 87' lang='lat' dir='ltr'>autem</span> <span class='ocrx_word' id='word_1_271' title='bbox 436 3229 529 3285; x_wconf 87' lang='lat' dir='ltr'>omnia</span> <span class='ocrx_word' id='word_1_272' title='bbox 542 3230 665 3290; x_wconf 87' lang='lat' dir='ltr'>videbat.</span> <span class='ocrx_word' id='word_1_273' title='bbox 708 3232 791 3289; x_wconf 89' lang='lat' dir='ltr'>ldem</span> <span class='ocrx_word' id='word_1_274' title='bbox 810 3251 908 3289; x_wconf 84' lang='lat' dir='ltr'>rursus</span> <span class='ocrx_word' id='word_1_275' title='bbox 921 3231 1078 3297; x_wconf 86' lang='lat' dir='ltr'>videbatur,</span> <span class='ocrx_word' id='word_1_276' title='bbox 1093 3251 1159 3289; x_wconf 87' lang='lat' dir='ltr'>cam</span> <span class='ocrx_word' id='word_1_277' title='bbox 1172 3233 1205 3288; x_wconf 92' lang='lat' dir='ltr'>in</span> 
     </span>
     <span class='ocr_line' id='line_1_34' title="bbox 206 3315 1204 3398; baseline 0.002 -22"><span class='ocrx_word' id='word_1_278' title='bbox 206 3317 331 3376; x_wconf 73' lang='lat' dir='ltr'>Blocum</span> <span class='ocrx_word' id='word_1_279' title='bbox 354 3315 469 3372; x_wconf 85' lang='lat' dir='ltr'>anulum</span> <span class='ocrx_word' id='word_1_280' title='bbox 491 3317 652 3376; x_wconf 81' lang='lat' dir='ltr'>inverterat.</span> <span class='ocrx_word' id='word_1_281' title='bbox 694 3321 796 3397; x_wconf 85' lang='lat' dir='ltr'>Itaque</span> <span class='ocrx_word' id='word_1_282' title='bbox 816 3321 871 3378; x_wconf 89' lang='lat' dir='ltr'>hac</span> <span class='ocrx_word' id='word_1_283' title='bbox 892 3321 1106 3398; x_wconf 88' lang='lat' dir='ltr'>opportunitate</span> <span class='ocrx_word' id='word_1_284' title='bbox 1124 3321 1204 3378; x_wconf 86' lang='lat' dir='ltr'>anuli</span> 
     </span>
     <span class='ocr_line' id='line_1_35' title="bbox 237 3405 1203 3486; baseline 0.001 -21"><span class='ocrx_word' id='word_1_285' title='bbox 237 3425 314 3472; x_wconf 77' lang='lat' dir='ltr'>usuS,</span> <span class='ocrx_word' id='word_1_286' title='bbox 332 3405 437 3483; x_wconf 81' lang='lat' dir='ltr'>reginae</span> <span class='ocrx_word' id='word_1_287' title='bbox 458 3413 589 3481; x_wconf 89' lang='lat' dir='ltr'>stuprum</span> <span class='ocrx_word' id='word_1_288' title='bbox 609 3407 711 3474; x_wconf 89' lang='lat' dir='ltr'>intulit,</span> <span class='ocrx_word' id='word_1_289' title='bbox 732 3413 823 3486; x_wconf 73' lang='lat' dir='ltr'>eaque</span> <span class='ocrx_word' id='word_1_290' title='bbox 842 3410 981 3486; x_wconf 88' lang='lat' dir='ltr'>adjutrice</span> <span class='ocrx_word' id='word_1_291' title='bbox 1000 3427 1098 3485; x_wconf 89' lang='lat' dir='ltr'>regem</span> <span class='ocrx_word' id='word_1_292' title='bbox 1112 3410 1203 3466; x_wconf 93' lang='lat' dir='ltr'>domi-</span> 
     </span>
     <span class='ocr_line' id='line_1_36' title="bbox 237 3495 1203 3570; baseline 0.001 -17"><span class='ocrx_word' id='word_1_293' title='bbox 237 3515 305 3553; x_wconf 90' lang='lat' dir='ltr'>num</span> <span class='ocrx_word' id='word_1_294' title='bbox 319 3495 467 3560; x_wconf 88' lang='lat' dir='ltr'>interemit,</span> <span class='ocrx_word' id='word_1_295' title='bbox 483 3495 597 3550; x_wconf 87' lang='lat' dir='ltr'>sustulit</span> <span class='ocrx_word' id='word_1_296' title='bbox 611 3513 683 3570; x_wconf 88' lang='lat' dir='ltr'>quos</span> <span class='ocrx_word' id='word_1_297' title='bbox 696 3498 809 3555; x_wconf 90' lang='lat' dir='ltr'>obstare</span> <span class='ocrx_word' id='word_1_298' title='bbox 823 3499 1029 3556; x_wconf 87' lang='lat' dir='ltr'>arbitrabatur:</span> <span class='ocrx_word' id='word_1_299' title='bbox 1049 3497 1143 3554; x_wconf 88' lang='lat' dir='ltr'>necin</span> <span class='ocrx_word' id='word_1_300' title='bbox 1157 3499 1203 3554; x_wconf 92' lang='lat' dir='ltr'>his</span> 
     </span>
     <span class='ocr_line' id='line_1_37' title="bbox 238 3583 1204 3664; baseline 0.002 -22"><span class='ocrx_word' id='word_1_301' title='bbox 238 3604 303 3642; x_wconf 90' lang='lat' dir='ltr'>eum</span> <span class='ocrx_word' id='word_1_302' title='bbox 317 3584 485 3642; x_wconf 80' lang='lat' dir='ltr'>facinoribus</span> <span class='ocrx_word' id='word_1_303' title='bbox 506 3583 653 3661; x_wconf 83' lang='lat' dir='ltr'>quisquam</span> <span class='ocrx_word' id='word_1_304' title='bbox 675 3587 768 3661; x_wconf 90' lang='lat' dir='ltr'>potuit</span> <span class='ocrx_word' id='word_1_305' title='bbox 780 3586 887 3645; x_wconf 82' lang='lat' dir='ltr'>videre.</span> <span class='ocrx_word' id='word_1_306' title='bbox 928 3587 975 3644; x_wconf 86' lang='lat' dir='ltr'>Sic</span> <span class='ocrx_word' id='word_1_307' title='bbox 994 3593 1112 3664; x_wconf 87' lang='lat' dir='ltr'>repente</span> <span class='ocrx_word' id='word_1_308' title='bbox 1124 3587 1204 3644; x_wconf 90' lang='lat' dir='ltr'>anuli</span> 
     </span>
     <span class='ocr_line' id='line_1_38' title="bbox 205 3673 1204 3754; baseline 0.006 -26"><span class='ocrx_word' id='word_1_309' title='bbox 205 3675 224 3728; x_wconf 81' lang='lat'>4</span> <span class='ocrx_word' id='word_1_310' title='bbox 237 3673 373 3730; x_wconf 88' lang='lat' dir='ltr'>beneficio</span> <span class='ocrx_word' id='word_1_311' title='bbox 386 3691 437 3729; x_wconf 89' lang='lat' dir='ltr'>rex</span> <span class='ocrx_word' id='word_1_312' title='bbox 450 3681 564 3732; x_wconf 84' lang='lat' dir='ltr'>exortus</span> <span class='ocrx_word' id='word_1_313' title='bbox 578 3681 622 3730; x_wconf 86' lang='lat' dir='ltr'>est</span> <span class='ocrx_word' id='word_1_314' title='bbox 635 3673 747 3750; x_wconf 80' lang='lat' dir='ltr'>Lydiae.</span> <span class='ocrx_word' id='word_1_315' title='bbox 778 3676 864 3734; x_wconf 89' lang='lat' dir='ltr'>Hune</span> <span class='ocrx_word' id='word_1_316' title='bbox 878 3677 964 3754; x_wconf 85' lang='lat' dir='ltr'>igitur</span> <span class='ocrx_word' id='word_1_317' title='bbox 974 3675 1070 3753; x_wconf 86' lang='lat' dir='ltr'>ipsum</span> <span class='ocrx_word' id='word_1_318' title='bbox 1082 3675 1204 3734; x_wconf 86' lang='lat' dir='ltr'>anulum</span> 
     </span>
    </p>
   </div>
   <div class='ocr_carea' id='block_1_4' title="bbox 0 0 1350 4292">
    <p class='ocr_par' dir='ltr' id='par_1_4' title="bbox 0 0 1350 4292">
     <span class='ocr_line' id='line_1_39' title="bbox 0 0 1350 4292; baseline 0 3"><span class='ocrx_word' id='word_1_319' title='bbox 0 0 1350 4292; x_wconf 95' lang='lat' dir='ltr'> </span> 
     </span>
    </p>
   </div>
  </div>
 </body>
</html>
