2692 4292
491 319 577 360 nmnu
596 320 628 360 11.
670 320 737 361 cae.
759 321 811 361 ιιι.
1120 309 1159 363 tt

132 448 278 508 institutio
292 447 359 507 vitae
381 448 547 525 adjumenta
567 449 713 507 hominum
734 450 884 517 desiderat,
904 449 934 507 in
953 449 1107 528 primisque

134 547 173 596 ut
194 541 308 604 babeat,
323 538 493 615 quibuscum
513 539 601 614 possit
621 539 770 596 familiares
787 536 921 597 xconferre
944 558 1105 597 sermones:

135 627 218 704 quod
233 636 277 685 est
292 627 412 694 difficile,
427 627 479 683 nisi
499 628 622 704 speciem
643 647 704 704 prae
717 636 746 685 te
760 629 826 686 boni
840 629 890 686 viri
903 629 985 686 seras.
1026 629 1106 706 Ergo
1120 633 1138 686 6

136 719 227 776 etiam
240 717 363 774 solitario
377 717 482 774 homini
495 725 580 793 atquc
593 717 621 774 in
635 735 706 794 agro
719 718 806 775 vitam
825 719 923 795 agenti
942 718 1036 795 opinio
1057 719 1105 795 ju·

137 807 226 864 stitiae
247 808 404 864 necessaria
427 812 486 864 est:
508 824 599 883 eoque
619 807 706 863 etiam
725 807 824 884 magis,
839 807 916 884 quod
935 825 999 864 eam
1012 807 1107 888 sinon
1140 798 1144 806 ⁴

136 896 297 962 habebunt,
319 895 416 972 injusti
435 895 624 962 habebuntur,
646 896 730 952 nullis
750 896 887 972 praesidiis
907 896 989 973 septi,
1010 896 1107 954 multis

138 986 297 1043 afficientur
310 985 425 1060 injuriis.
456 985 554 1060 Atque
568 984 601 1041 iis
611 985 705 1052 etiam,
717 984 766 1061 qni
776 985 911 1052 vendunt,
922 992 1029 1051 emunt,
1041 1005 1106 1042 con·
1122 985 1138 1043 *1

139 1077 259 1142 ducunt,
274 1076 376 1148 locant,
392 1074 645 1150 contrahendisque
659 1075 779 1151 negotiis
797 1075 985 1151 implicantur,
998 1075 1108 1152 justitia

140 1166 179 1222 ad
192 1184 253 1222 rem
266 1164 421 1242 gerendam
434 1164 593 1220 necessaria
607 1171 658 1220 cst.
701 1165 792 1241 Cujus
805 1172 888 1222 tanta
900 1165 942 1222 vis
956 1173 1009 1231 est,
1025 1171 1059 1222 ut
1071 1182 1107 1222 ne
1121 1169 1139 1224 Β

140 1254 180 1312 illi
201 1254 323 1330 quidem,
339 1253 387 1329 qui
406 1252 543 1310 maleficio
563 1259 592 1310 et
612 1253 718 1310 scelere
738 1261 903 1330 pascuntur,
917 1254 1027 1331 possint
1047 1254 1108 1312 sine

140 1343 201 1400 ulla
215 1343 353 1420 particula
364 1341 483 1418 justitiae
497 1341 599 1400 vivere.
640 1341 670 1398 N
671 1361 718 1398 am
731 1342 780 1418 qui
792 1361 892 1400 eorum
912 1343 1044 1419 arripiam,
1058 1343 1139 1419 quill

140 1449 199 1489 una
217 1431 426 1498 latrocinantur,
441 1431 551 1487 furatur
571 1430 677 1506 aliquid
697 1439 748 1488 aut
768 1431 858 1508 eripit,
872 1433 897 1491 is
910 1433 963 1492 sibi
975 1451 1012 1489 ne
1024 1432 1054 1490 in
1066 1432 1106 1488 la-

140 1521 258 1578 trocinio
271 1520 386 1596 quidem
399 1519 529 1595 relinquit
541 1518 645 1577 locum.
687 1519 741 1576 Ille
754 1528 860 1604 autem,
874 1521 923 1597 qui
936 1521 1108 1598 archipirata

91 1654 100 1659 -
142 1610 253 1676 dicitur,
268 1609 321 1667 nisi
335 1608 512 1685 aequabiliter
532 1608 662 1685 praedam
683 1607 840 1685 dispertiat,
855 1616 906 1666 aut
925 1609 1109 1666 interficiatur
1182 1617 1191 1628 “

141 1697 259 1766 ascciis,
268 1706 318 1756 aut
327 1698 507 1774 relinquatur.
528 1696 603 1766 Quin
610 1695 696 1754 etiam
703 1697 782 1776 leges
789 1698 1001 1758 latronumesse
1010 1698 1107 1757 dicun·
1123 1702 1160 1756 10

141 1795 199 1856 tur,
214 1789 316 1864 quibus
330 1794 456 1865 parcant,
471 1805 543 1862 quas
558 1789 717 1845 observent
759 1789 861 1864 Itaque
881 1796 1000 1865 propter
1013 1806 1107 1864 eaqua-
1124 1794 1159 1846 11

141 1878 228 1936 bilem
250 1877 358 1954 praedae
373 1877 551 1953 partitionem
565 1883 595 1934 et
608 1876 740 1952 Bardylis
761 1877 875 1954 Illyrius
896 1878 977 1944 latro,
992 1877 1030 1934 de
1049 1897 1109 1954 quo

142 1974 188 2026 est
209 1966 287 2043 apud
309 1967 534 2042 Theopompum,
549 1983 667 2042 magnes
688 1984 758 2042 opes
778 1966 887 2033 habuit,
901 1974 932 2024 et
944 1967 1036 2024 multo
1048 1985 1107 2029 ma·

139 2057 218 2134 jures
232 2056 378 2112 Viriathus
392 2055 552 2121 Lusitanus,
569 2055 614 2112 cui
634 2055 749 2130 quidem
767 2055 854 2112 etiam
867 2056 1007 2115 exereitus
1019 2056 1109 2114 nostri

141 2147 383 2222 imperatoresque
407 2151 571 2202 cesserunt:
592 2163 678 2220 quem
699 2144 732 2202 C.
753 2145 865 2212 Laelius,
880 2145 913 2212 is,
928 2145 977 2222 qui
997 2147 1110 2223 sapiens

142 2242 307 2311 usurpatur,
323 2241 428 2310 praetor
447 2233 533 2310 fregit
553 2239 582 2289 et
603 2233 774 2300 comminuit,
794 2235 1026 2311 ferocitatemque
1047 2236 1110 2312 ejus

142 2325 183 2382 ita
196 2323 337 2400 repressit,
352 2330 386 2380 ut
399 2323 480 2379 facile
495 2323 601 2380 bellum
616 2322 730 2399 reliquis
750 2323 885 2381 traderet
928 2324 1002 2380 Cum
1022 2324 1110 2400 igitur
1125 2329 1162 2382 12

142 2420 225 2472 tanta
238 2413 279 2470 vis
291 2412 409 2489 justitiae
422 2411 466 2478 sit,
482 2419 515 2468 ut
529 2430 563 2469 ea
577 2412 663 2470 ctiam
677 2413 820 2468 latronum
833 2431 903 2489 opes
916 2412 1011 2468 firmet
1023 2419 1111 2488 atque

143 2509 259 2578 augeat,
274 2508 410 2578 quantam
424 2501 486 2577 ejus
500 2501 557 2558 vim
571 2501 644 2558 inter
663 2500 742 2577 leges
756 2507 786 2558 et
802 2501 910 2576 judicia
923 2507 953 2558 et
965 2501 995 2557 in
1008 2501 1110 2559 consti-

142 2597 208 2649 tuta
222 2609 251 2647 re
266 2590 379 2667 publica
391 2590 452 2648 sore
466 2590 623 2666 putamus?
658 2590 728 2646 XII.
750 2590 820 2646 Mihi
833 2589 948 2666 quidem
962 2607 1019 2646 non
1032 2589 1112 2666 apud

144 2680 246 2737 Medos
260 2681 360 2746 solum,
374 2687 408 2736 ut
421 2679 460 2736 ait
475 2679 649 2745 Herodotus,
666 2678 717 2736 sed
732 2678 817 2734 etiam
832 2678 911 2755 apud
926 2679 1048 2755 majores
1061 2697 1111 2737 no·

145 2777 228 2836 stros,
240 2769 358 2845 justitiae
378 2769 506 2826 fruendae
528 2787 614 2826 causa
627 2767 760 2825 videntur
779 2767 846 2824 olim
867 2769 939 2826 bene
953 2769 1055 2826 morati
1068 2787 1111 2826 re-

144 2877 198 2936 ges
211 2857 362 2915 constituti.
397 2857 475 2914 Nam
490 2876 555 2915 cum
569 2865 747 2934 premeretur
759 2857 835 2914 initio
850 2858 1004 2916 multitudo
1017 2861 1055 2917 ab
1069 2859 1110 2928 iis,
1126 2865 1144 2918 2

145 2947 195 3024 qui
207 2948 327 3024 majores
342 2965 411 3024 opes
425 2946 586 3005 habebant:
609 2946 647 3003 ad
661 2965 749 3004 unum
763 2947 886 3023 aliquem
900 2948 1111 3026 confugiebant,

145 3037 251 3094 virtute
272 3042 477 3113 praestantem
498 3037 546 3112 qui
570 3055 635 3094 cum
656 3036 820 3113 prohiberet
839 3037 942 3113 injuria
961 3039 1111 3107 tenuiores,
1138 3083 1144 3090 .

147 3125 281 3201 aequitate
296 3124 494 3184 constituenda
514 3144 638 3182 summos
653 3144 719 3182 cum
731 3126 834 3183 infimis
848 3127 909 3203 pari
926 3127 991 3203 jure
1012 3129 1113 3188 retiae-

145 3215 211 3272 bat.'
246 3215 412 3291 Eademque
426 3214 687 3272 constituendarum
701 3215 799 3292 legum
812 3216 867 3273 fuit
880 3235 975 3284 causa,
990 3237 1056 3294 quae
1069 3237 1112 3276 re·
1127 3223 1145 3274 8

145 3323 225 3382 gum.
256 3304 275 3361 J
277 3323 310 3360 us
326 3304 400 3360 enim
415 3322 527 3380 semper
541 3309 584 3360 est
598 3304 750 3378 quaesitum
764 3306 919 3382 aequabile:
934 3307 1114 3382 nequeenim

145 3392 227 3450 aliter
247 3400 322 3450 esset
343 3393 399 3469 jus.
441 3393 477 3450 Id
492 3392 515 3449 si
528 3393 565 3450 ab
583 3411 639 3449 uno
657 3393 737 3469 justo
751 3402 780 3450 et
793 3395 868 3452 bono
881 3396 940 3452 viro
961 3413 1113 3469 conseque·
1128 3398 1147 3450 4

146 3483 259 3549 bantur,
275 3489 356 3538 erant
369 3500 403 3538 ec
418 3481 549 3539 contenti.
592 3482 667 3538 Oum
681 3481 710 3538 id
724 3483 816 3540 minus
837 3485 1020 3560 contingeret,
1036 3483 1115 3557 leges

147 3578 215 3628 sunt
228 3571 357 3637 inventae,
374 3589 439 3646 quae
459 3590 525 3628 cum
546 3571 673 3628 omnibus
694 3590 809 3648 semper
828 3590 885 3627 una
907 3580 994 3645 atque
1014 3570 1117 3626 eadem

147 3678 220 3718 voce
233 3660 423 3736 loquerentur.
464 3659 543 3738 Ergo
557 3660 611 3718 hoc
622 3660 738 3736 quidem
751 3659 935 3737 perspicuum
947 3665 1000 3726 est,
1014 3676 1064 3716 eos
1076 3657 1115 3716 ad
1129 3666 1148 3720 5
