2692 4292
501 355 587 393 ursnn
600 355 632 393 11.
674 353 741 394 cir.
756 353 815 394 m.
1126 333 1163 394 tl

147 489 287 550 versatur,
303 482 329 550 ii,
345 481 463 540 simulac
481 482 599 559 juvenes
618 501 680 540 esse
693 489 851 558 coeperunt,
865 499 969 558 magna
982 485 1113 556 spectare

149 581 180 632 et
197 573 235 630 ad
256 592 291 630 ca
308 572 393 630 rectis
408 573 513 630 studiis¹
522 573 627 630 debent
641 572 829 630 contendere:
851 572 928 648 quod
942 590 977 628 eo
990 571 1114 629 firmiore

148 663 243 720 animo
257 662 371 728 facient,
385 661 452 737 quia
465 680 521 717 non
535 661 620 718 modo
633 679 690 718 non
707 661 848 718 invidetur
860 661 900 718 illi
913 661 998 727 oetad,
1013 679 1113 718 rerum

149 751 235 808 etiarn
249 751 370 809 favetur.

188 928 286 985 Prima
308 934 352 985 est
371 927 458 1006 igitur
477 926 648 984 adolescenti
668 926 876 984 commendatio
889 927 927 983 ad
947 927 1074 1004 gloriam,
1089 925 1145 986 115

149 1035 208 1094 qus
228 1030 272 1074 cx
296 1017 460 1075 bellicis
479 1017 594 1074 robus
615 1016 772 1092 comparari
790 1023 900 1092 potest3
920 1016 1020 1092 inque
1032 1015 1115 1073 multi

150 1107 361 1184 apudmajores
372 1113 482 1164 nostros
493 1106 659 1163 extiterunt:
675 1123 788 1182 semper
796 1104 871 1161 enim
880 1105 940 1162 lere
950 1105 1025 1162 belin
1033 1123 1114 1182 gere·

150 1197 263 1256 bantur.
291 1197 352 1254 Tun
361 1205 457 1254 autem
468 1204 537 1254 aetns
546 1197 644 1255 incidit
653 1197 682 1252 in
691 1196 720 1252 id
731 1197 846 1262 bellum,
857 1197 939 1274 cujus
949 1197 1038 1254 altera
1047 1215 1114 1273 pars
1127 1201 1147 1254 d

151 1287 265 1344 sceleris
278 1286 394 1343 nimium
408 1285 516 1352 habuit,
530 1286 619 1342 altera
635 1285 776 1342 felicitatis
789 1305 898 1363 perum.
940 1287 1004 1354 Quo
1017 1294 1114 1343 tamen
1129 1285 1145 1343 '1

150 1375 179 1434 in
200 1376 283 1442 bello,
297 1395 363 1432 cum
382 1382 412 1432 tc
432 1375 586 1452 Pompeius
606 1375 660 1432 alae
681 1375 762 1431 alteri
782 1376 964 1452 praefecisset,
979 1393 1114 1452 magnam

151 1462 266 1521 laudern
287 1471 317 1520 et
337 1483 354 1520 a
375 1483 487 1521 summo
500 1463 560 1519 viro
574 1471 603 1520 et
617 1464 654 1521 ab
668 1464 795 1520 exercitu
812 1466 1022 1539 consequebare
1036 1464 1113 1539 equi-

150 1552 248 1619 tando,
261 1553 423 1629 jaculando,
439 1553 515 1610 omni
534 1553 646 1609 militari
662 1553 760 1610 labore
773 1552 927 1609 tolerando.
968 1552 1067 1628 Atque
1080 1569 1115 1608 ea

152 1641 268 1717 quidem
281 1649 331 1698 tna
344 1642 406 1698 laus
419 1641 526 1719 pariter
540 1661 605 1698 cum
619 1659 649 1696 re
663 1641 776 1717 publica
786 1639 895 1697 cecidit.
935 1640 1006 1696 Mihi
1018 1647 1115 1697 antem
1129 1647 1147 1698 8

151 1730 217 1789 bsec
227 1731 316 1787 cretio
326 1738 458 1806 suscepte
469 1729 572 1788 nonde
585 1737 617 1787 te
630 1737 683 1797 est,
697 1728 748 1786 sed
762 1729 799 1787 de
812 1747 916 1807 genere
923 1736 1000 1786 toto:
1015 1747 1114 1805 quam·

151 1818 250 1875 obrem
265 1834 416 1896 pergamus
430 1819 467 1876 ad
481 1837 523 1885 ce,
539 1837 604 1896 quse
618 1825 735 1876 restant.

193 1907 234 1964 Ut
255 1907 341 1984 igitur
359 1908 388 1964 in
407 1907 521 1984 reliquis
541 1908 626 1965 rebus
645 1907 738 1964 multo
755 1907 862 1984 majore
879 1925 965 1984 opere
976 1914 1044 1965 sunt
1057 1907 1147 1966 ani-9

151 1995 199 2060 mi,
214 2014 300 2072 quam
321 1997 461 2073 corporis:
483 1997 523 2054 sic
537 2015 580 2053 eae
593 2015 646 2064 res,
661 2015 734 2073 quas
750 1997 862 2074 ingenio
874 2014 908 2054 ac
924 1998 1031 2054 ratione
1049 2016 1114 2074 per·

151 2085 303 2160 sequimur,
325 2085 467 2162 graviores
487 2092 562 2152 sunt,
582 2103 667 2162 quam
687 2086 754 2152 illae,
774 2105 846 2162 qnae
865 2086 978 2144 viribus.
1018 2087 1114 2144 Prima
1129 2091 1167 2145 10

151 2175 239 2252 igitur
247 2175 453 2232 commendatio
462 2175 647 2252 proficiscitur
657 2193 675 2230 a
684 2175 884 2243 modestia,
896 2184 958 2232 tum
970 2175 1114 2252 pietate

151 2264 181 2320 in
203 2270 342 2342 parentes,
364 2263 393 2322 in
418 2283 486 2322 suos
513 2263 708 2322 benivolentia.
749 2263 893 2321 Facillime
913 2271 1017 2330 autem,
1037 2270 1068 2321 ct
1085 2263 1115 2321 in
1129 2269 1165 2322 11

152 2353 290 2428 optimam
304 2359 424 2429 partein,
437 2359 646 2430 cognoscuntur
656 2351 857 2419 adolescentes,
869 2352 918 2428 qui
930 2371 961 2409 sc
971 2353 1009 2408 ad
1023 2352 1115 2409 claros

153 2447 184 2498 et
197 2441 337 2517 sepientes
347 2441 430 2508 viros,
442 2442 514 2498 bene
528 2441 706 2498 consulentes
720 2440 760 2497 rei
775 2440 907 2517 publicae,
918 2440 1114 2498 contuderunt:

153 2529 322 2606 quibuscum
344 2530 368 2586 si
388 2529 548 2606 frequentes
572 2535 648 2595 sunt,
673 2529 832 2606 opinionem
854 2528 976 2584 afferunt
997 2528 1114 2604 populo,

153 2613 252 2676 eorum
273 2619 333 2676 iore
355 2637 386 2676 se
406 2619 517 2685 similes,
532 2637 605 2695 quos
627 2617 752 2693 sibiipsi
769 2616 927 2693 delegerint
945 2615 983 2672 ad
1003 2616 1114 2674 imitan-

153 2705 231 2765 dum.
271 2708 305 2764 P.
320 2707 417 2765 Rutilii
430 2707 649 2765 adolescentiam
662 2706 700 2763 ad
714 2706 873 2784 opinionem
890 2712 920 2763 et
938 2705 1114 2775 innocentie,
1130 2713 1167 2765 12

154 2803 184 2853 et
205 2795 276 2873 juris
299 2796 430 2863 scientiae‚
451 2796 485 2854 P.
507 2796 593 2853 Mucii
613 2795 820 2854 commendavit
840 2795 950 2852 domus.
989 2796 1067 2854 Nam
1081 2796 1113 2854 L.
1130 2803 1166 2856 18

153 2885 268 2960 quidem
280 2886 408 2954 Crassus,
420 2903 485 2942 cum
495 2891 570 2942 esset
580 2885 736 2942 admodum
746 2884 920 2952 adolescens,
930 2903 988 2942 non
1001 2885 1115 2944 aliunde

153 2981 301 3031 mutuatus
322 2981 374 3042 est,
389 2974 439 3030 sed
455 2975 507 3032 sibi
520 2975 581 3051 ipse
595 2974 708 3050 peperit
726 2973 878 3031 maximam
890 2973 1006 3032 laudem
1020 2994 1055 3032 ex
1067 2975 1116 3033 illa

154 3063 332 3120 accusatione
345 3063 431 3121 nobili
445 3070 473 3121 et
493 3063 635 3140 gloriosa:
657 3069 757 3140 etqua
775 3070 860 3120 aetate
873 3064 922 3140 qui
941 3072 1116 3132 exercentur,

153 3150 240 3208 laude
259 3151 332 3209 affici
352 3153 452 3218 solent,
465 3160 500 3209 ut
520 3152 556 3208 de
578 3151 771 3209 Demosthene
790 3153 960 3230 accepimus,
974 3171 1009 3210 ea
1028 3160 1116 3211 aetetc

153 3239 187 3296 L.
204 3239 322 3298 Crassus
342 3241 472 3306 ostendit,
488 3241 516 3296 id
537 3257 568 3297 se
588 3240 617 3297 in
636 3241 700 3298 loro
718 3241 826 3317 optimc
843 3242 904 3318 jem
922 3243 1025 3309 fecere,
1038 3241 1116 3319 quod

154 3327 302 3386 etiamtum
316 3336 428 3406 poterat
441 3329 518 3386 domi
532 3347 597 3386 cum
612 3328 698 3386 lande
711 3329 852 3387 meditari.

194 3507 275 3564 XIV.
297 3506 354 3564 Sed
369 3527 434 3564 cnm
445 3506 551 3584 duplex
564 3506 636 3564 ratio
651 3507 688 3564 rit
700 3507 840 3572 orationis,
851 3525 973 3582 quarum
984 3504 1013 3562 in
1026 3504 1116 3560 altera

154 3611 248 3652 sermo
268 3595 312 3662 sit,
327 3597 356 3652 in
375 3596 463 3652 altera
484 3596 640 3653 contentio:
664 3615 722 3653 non
741 3595 833 3652 estid
853 3595 968 3669 quidem
987 3592 1116 3659 dubium,

154 3681 224 3760 quin
236 3685 379 3743 contentio
392 3683 525 3743 orationis
539 3685 675 3762 majorem
688 3685 746 3741 vim
759 3683 865 3740 habeat
877 3681 915 3737 ad
934 3681 1055 3758 gloriam
1069 3681 1117 3759 (ea
