2692 4292
165 289 185 344 8
581 301 619 340 nn
641 299 770 340 omens

217 428 247 488 id
260 428 329 488 mihi
343 448 465 497 assumo,
479 429 578 488 videor
592 429 620 486 id
635 447 700 488 meo
717 429 782 507 jure
795 427 922 505 quodem
935 427 1023 486 modo
1035 427 1189 486 vindicare.

186 519 313 588 hQuam
333 520 372 578 ob
392 539 453 577 rem
472 537 647 598 magnopere
667 526 696 575 te
716 518 823 585 hortor,
838 517 878 574 mi
895 517 1003 584 Cicero,
1018 524 1052 574 ut
1072 536 1130 574 nou
1143 536 1187 574 so

219 607 280 666 lum
302 609 443 666 orationes
470 627 557 676 meas,
579 607 629 666 sed
656 607 710 664 hos
728 607 813 664 etiam
835 606 872 664 de
892 606 1072 684 philosophia
1091 607 1189 673 libros,

218 697 267 774 qui
288 715 318 755 ae
336 697 398 774 jam
417 697 470 754 illis
491 697 551 754 fere
580 702 741 772 aequarunt,
763 695 890 752 studiose
910 696 999 774 legas.
1041 695 1093 752 Vis
1114 695 1190 753 enim

220 785 333 844 dicendi
354 786 445 863 major
465 793 510 843 est
539 785 568 842 in
587 785 650 852 illis,
672 784 724 842 sed
752 784 808 842 hoc
828 801 942 861 quoque
972 783 1123 842 colendum
1145 789 1192 842 est

220 875 360 953 aequabile
374 881 609 952 attemperatum
623 873 756 932 orationis
769 892 869 952 genus.

17 971 160 1008 “²''
186 972 204 1028 6
258 966 297 1023 Et
315 965 345 1023 id
365 964 481 1043 quidem
500 964 604 1022 nemini
624 963 707 1021 video
726 963 894 1020 Graecorum
914 961 1009 1021 adhuc
1028 961 1190 1041 contigisse,

218 1062 252 1114 ut
264 1055 341 1112 idem
353 1062 475 1129 utroque
488 1053 516 1110 iu
530 1070 633 1130 genere
652 1053 819 1119 elaboraret,
833 1059 1055 1130 sequereturque
1069 1059 1099 1124 et
1117 1052 1189 1110 illud

219 1145 330 1202 forense
351 1141 471 1206 dicendi,
486 1149 516 1198 et
529 1141 583 1198 hoc
598 1141 726 1216 quietum
739 1141 904 1218 disputandi
921 1160 1028 1220 genus:
1049 1141 1102 1199 uisi
1114 1141 1190 1198 forte

219 1231 383 1290 Demetrius
393 1230 549 1288 Phalereus
563 1230 591 1286 iu
605 1230 659 1287 hoc
673 1249 792 1288 numero
802 1231 901 1289 haberi
908 1238 1013 1308 potest,
1028 1230 1192 1308 disputator

219 1319 337 1387 subtilis,
363 1327 458 1377 orator
482 1337 583 1395 parum
605 1319 768 1387 vehemens,
793 1319 884 1378 dulcis
908 1328 1012 1387 tamen,
1041 1328 1075 1378 ut
1098 1319 1188 1377 Theo·

188 1409 329 1488 'lphrasti
349 1407 518 1486 discipulum
538 1408 629 1486 possis
649 1427 811 1488 agnoscere.
853 1409 915 1467 Nos
932 1417 1029 1467 autem
1051 1417 1191 1488 quantum

220 1500 249 1558 in
268 1506 389 1576 utroque
409 1497 620 1578 profecerimus,
648 1497 766 1556 aliorum
791 1498 828 1555 sit
848 1497 1001 1576 judicium:
1035 1506 1190 1575 utrumque

187 1596 206 1650 8
221 1597 297 1648 certe
308 1589 397 1646 secuti
411 1607 518 1645 sumus.
553 1587 693 1664 Equidem
707 1594 737 1645 et
750 1588 900 1644 Platonem
912 1588 1050 1654 existimo,
1061 1588 1086 1646 si
1099 1607 1190 1668 genus

219 1679 330 1737 forense
345 1677 456 1735 dicendi
470 1683 591 1734 tractare
605 1677 750 1744 voluisset,
769 1676 935 1754 gravissime
948 1684 979 1736 et
999 1675 1190 1755 copiosissime

220 1768 347 1846 potuisse
361 1767 472 1832 dicere;
498 1772 527 1823 et
541 1765 773 1832 Demosthenem.
788 1765 881 1833 siilla,
895 1785 961 1842 quae
976 1784 995 1822 a
1013 1767 1135 1824 Platone
1149 1766 1190 1824 di-

220 1857 336 1924 dicerat,
351 1854 488 1912 tenuisset
507 1861 538 1912 et
556 1854 741 1932 pronuntiare
756 1855 899 1922 voluisset,
913 1864 1012 1913 ornate
1029 1855 1191 1933 splendide·

220 1964 276 2024 que
289 1945 382 2002 lacere
402 1943 535 2022 potuisse.
577 1944 743 2020 Eodemque
757 1943 843 2002 modo
857 1943 895 2002 de
907 1945 1066 2004 Aristotele
1079 1952 1109 2003 et
1128 1945 1189 2003 Iso·

221 2042 298 2095 crate
314 2034 430 2111 judico:
461 2052 582 2110 quorum
604 2041 728 2111 uterque
750 2053 805 2092 suo
824 2034 920 2094 studio
939 2035 1098 2094 delectatus
1125 2051 1191 2094 con·

221 2123 337 2202 tempsit
350 2123 480 2182 alterum.

261 2303 302 2360 11.
343 2301 402 2360 Sed
423 2321 488 2361 cum
501 2302 664 2362 statuissem
679 2303 802 2362 scribere
815 2303 853 2362 ed
873 2312 903 2363 te
915 2304 1022 2381 aliquid
1043 2305 1098 2362 hoo
1118 2310 1191 2362 mm·

222 2411 299 2470 pore,
310 2394 401 2450 multa
411 2394 540 2469 posthac,
553 2393 590 2451 ab
603 2411 638 2452 eo
648 2393 734 2451 ordiri
747 2394 870 2452 maxime
880 2394 965 2461 volui,
974 2395 1052 2470 quod
1066 2401 1096 2452 et
1110 2392 1192 2452 aetati

190 2487 207 2540 2
223 2489 281 2540 tuae
301 2489 376 2540 esset
389 2482 575 2559 aptissimum,
587 2490 616 2540 et
630 2482 791 2541 auctoritati
805 2502 888 2542 mem.
930 2484 1007 2542 Nam
1020 2503 1086 2542 oum
1099 2483 1192 2542 multa

223 2571 318 2629 sintin
333 2571 515 2647 philosophia
535 2581 564 2629 et
578 2573 676 2650 gravia
696 2581 726 2629 et
746 2572 825 2630 utilia
837 2580 970 2632 accurate
991 2574 1193 2651 copiosequea

223 2661 398 2738 philosophis
412 2660 574 2736 disputata:
596 2661 731 2719 latissime
752 2669 851 2738 patere
865 2663 998 2720 videntur
1017 2682 1060 2730 ea,
1074 2662 1191 2739 quaeda

190 2748 319 2808 tiofficiis
339 2747 444 2806 tradita
458 2750 495 2807 ab
515 2749 569 2808 illis
588 2757 617 2808 et
638 2759 788 2828 praecepta
806 2758 882 2810 sunt.
924 2751 1012 2810 Nulla
1032 2752 1106 2810 enim
1122 2751 1191 2810 vitae

222 2857 288 2916 pars
308 2856 400 2913 neque
415 2838 543 2915 publicis,
558 2859 650 2916 neque
670 2841 796 2918 privatis,
811 2860 904 2918 noque
916 2841 1084 2910 forensibus,
1099 2859 1192 2918 noque

222 2927 383 2986 domesticis
397 2926 425 2984 in
438 2929 540 2995 rebus;
561 2948 652 3006 neque
666 2930 690 2987 si
703 2937 798 2988 tecum
807 2942 883 3009 'agas
896 2931 974 3009 qnid,
985 2931 1112 3008 nequesi
1125 2949 1193 2988 cum

222 3017 312 3074 altero
332 3017 491 3086 contrahas,
506 3037 606 3076 vacare
626 3019 718 3076 officio
732 3027 845 3097 potest:
870 3021 899 3078 in
912 3039 1003 3098 eoque
1023 3027 1054 3078 et
1072 3019 1192 3078 colendo

222 3106 276 3164 sita
300 3105 366 3164 vitae
395 3113 440 3164 est
459 3107 593 3166 honestas
617 3108 716 3176 omnis,
741 3117 771 3166 et
794 3109 823 3166 in
842 3109 1013 3188 negligendo
1033 3108 1190 3186 turpitudo.

189 3199 208 3253 4
223 3196 321 3274 Atque
334 3196 399 3254 haeo
413 3196 529 3272 quidem
550 3198 672 3274 quaestio
686 3200 844 3256 communis
858 3208 902 3257 est
921 3200 1047 3258 omnium
1066 3198 1191 3276 philoso-

223 3285 352 3362 phorum.
385 3285 455 3354 Quis
468 3293 513 3344 est
526 3287 609 3354 enim,
620 3288 668 3364 qui
682 3289 766 3346 nullis
780 3289 862 3347 officii
877 3289 1031 3366 praeoeptis
1044 3287 1191 3346 tradendis

190 3374 425 3452 ophilosophum
446 3394 477 3434 se
497 3375 602 3433 audeat
622 3376 738 3434 dicere?
780 3378 839 3436 Sed
859 3386 926 3436 sunt
945 3377 1088 3436 nonnullae
1108 3377 1190 3436 disci-

223 3464 316 3540 plinae,
331 3483 396 3540 quae
419 3465 570 3541 propositis
590 3466 729 3524 bonorum
749 3474 780 3524 et
799 3469 938 3526 malorum
951 3468 1054 3526 finibus
1067 3466 1192 3526 officium

190 3557 208 3609 6
223 3571 305 3610 omne
321 3561 494 3629 pervertunt.
529 3554 604 3611 Nam
619 3555 668 3631 qui
682 3575 826 3615 summum
840 3559 946 3615 honum
960 3557 1000 3614 sio
1013 3556 1141 3622 destituit,
1156 3564 1192 3615 ut

77 3633 179 3660 ’μ’
222 3641 291 3700 nihil
304 3642 416 3712 ‚hebeat
435 3662 501 3702 cum
515 3643 618 3702 virtute
633 3645 825 3723 conjunctum,
839 3647 927 3726 idque
945 3647 1004 3706 suris
1024 3645 1190 3716 oommodis,
