2692 4292
204 325 244 386 ’10
613 341 651 382 un
673 341 802 382 omens

255 469 453 547 imperandum
467 469 552 547 deligi
571 469 678 536 solitos,
692 488 814 546 quorum
833 467 871 526 de
887 467 997 546 justitia
1015 485 1125 546 magna
1145 473 1224 526 esset

255 560 349 637 opinio
363 559 556 618 multitudinis.
598 560 747 636 Adjuucto
760 577 835 626 vero,
849 567 884 616 ut
895 559 981 616 iidem
993 559 1080 615 etiam
1094 557 1221 633 prudeu-

255 656 300 706 tes
313 649 494 714 haberentur,
509 649 576 705 nihil
590 655 660 714 erat,
675 647 754 724 qnod
775 648 902 705 homines
922 647 967 704 bis
984 647 1150 706 auctoribus
1164 665 1222 702 uon

224 742 340 814 dposse
365 737 498 813 consequi
521 756 552 794 se
576 737 785 794 arbitrarentur.
828 736 912 794 Omni
933 737 1020 814 igitur
1042 736 1152 792 ratione
1173 753 1220 792 co·

256 826 340 884 lenda
354 833 383 882 ot
396 825 543 884 retinenda
553 825 663 902 jtrstitis
675 833 729 891 est,
744 832 804 882 tum
817 825 880 901 ipsa
893 843 1028 901 peraeae,
1044 822 1125 901 (nam
1138 823 1222 880 aliter

254 915 364 994 justitia
376 933 433 972 nou
450 913 549 992 esset)
564 921 626 972 tum
646 920 765 991 propter
783 914 1031 991 amplificationem
1051 913 1168 971 honoris
1189 919 1220 970 et

256 1003 365 1083 gloriae.

224 1179 242 1240 ’1
296 1180 354 1238 Sed
375 1187 409 1238 nt
429 1180 557 1258 pecunie
578 1198 634 1238 nou
655 1179 820 1257 quaerendas
841 1179 935 1237 solum
954 1178 1028 1237 ratio
1047 1185 1100 1247 est,
1116 1197 1217 1238 verum

256 1269 341 1326 etism
362 1269 544 1335 collocandae,
559 1287 625 1346 quae
645 1276 800 1346 perpetuos
819 1275 952 1345 sumptus
971 1268 1146 1345 suppeditet,
1166 1287 1219 1326 nec

255 1357 348 1415 solum
358 1358 536 1424 necessarios,
546 1357 597 1416 sed
606 1358 690 1416 etiam
698 1358 844 1416 liberales:
859 1357 899 1414 sic
912 1357 1003 1432 gloria
1012 1363 1042 1414 et
1054 1356 1218 1432 quaerenda,

224 1453 286 1506 Set
294 1446 457 1505 collocanda
465 1447 572 1504 ratione
581 1454 632 1504 est.
659 1448 840 1522 Quamquam
848 1445 985 1522 praeclare
994 1445 1218 1512 Socrates,hauc

256 1535 330 1594 viam
347 1535 385 1592 ad
406 1535 525 1614 gloriam
544 1536 702 1612 proximam
715 1543 745 1592 et
756 1535 838 1611 quasi
854 1534 1092 1611 compendiariam
1105 1534 1219 1592 dicebat

171 1621 178 1630 '
256 1643 326 1692 esse,
350 1625 373 1683 si
393 1625 456 1702 quis
475 1625 504 1683 id
525 1631 634 1702 ageret,
652 1630 694 1692 ut,
709 1623 799 1700 qualis
818 1623 917 1680 baberi
935 1623 1029 1690 vellet,
1049 1623 1115 1680 talis
1134 1628 1219 1682 esset.

223 1719 241 1775 9
257 1714 341 1784 Quod
364 1715 387 1772 si
408 1715 457 1791 qui
478 1714 654 1772 simulatione
675 1719 705 1770 et
725 1712 800 1770 inani
818 1713 1006 1770 ostentatione
1026 1719 1056 1770 et
1075 1713 1144 1770 ficto
1162 1731 1220 1770 non

255 1803 342 1862 modo
355 1821 491 1870 sermone,
503 1802 554 1861 sed
568 1803 653 1860 ctiam
663 1802 754 1868 vultu,
766 1802 896 1860 stabilem
906 1820 938 1860 se
951 1802 1071 1880 gloriam
1085 1802 1219 1878 consequi

205 1897 242 1951 10
257 1909 340 1969 posse
360 1899 465 1958 rentur,
481 1891 663 1950 vehementer
683 1897 787 1949 errant.
828 1891 906 1948 Vera
923 1891 1013 1968 gloria
1025 1891 1137 1948 radices
1148 1891 1217 1968 agit.

256 1987 342 2055 atque
356 1979 441 2036 etiam
460 1987 653 2057 propagatum
676 1981 742 2039 fieta
759 1980 853 2038 omnia
867 1979 996 2037 celeriter
1007 1987 1156 2056 tamquam
1169 1979 1218 2038 tlo

256 2068 328 2124 sculi
341 2067 484 2134 decidunt,
498 2085 550 2126 nec
565 2069 729 2126 simulatum
748 2075 844 2146 potest
856 2067 1009 2145 quicquam
1028 2087 1091 2126 esse
1110 2069 1218 2126 dintur·

205 2161 240 2215 11
255 2175 332 2214 num.
367 2155 466 2214 Testes
480 2164 546 2214 suut
560 2157 693 2234 permulti
710 2158 738 2214 in
751 2164 1042 2235 utramquepartem:
1062 2156 1115 2214 sed
1129 2157 1218 2215 brevi·

205 2251 241 2304 12
256 2245 322 2304 tatis
336 2263 421 2303 eausa
433 2245 538 2304 familia
552 2247 676 2304 contenti
692 2246 797 2304 erimus
816 2265 882 2305 une.
923 2245 1049 2304 iterun
1061 2247 1217 2314 Gracchus,

255 2334 289 2392 P.
304 2335 345 2401 F..
360 2342 420 2393 tam
434 2334 483 2392 diu
496 2334 666 2402 laudabitur,
682 2334 752 2392 dum
768 2335 904 2392 memoria
917 2354 1012 2392 rerum
1025 2335 1218 2392 Romanarum

254 2423 388 2484 manebit.
428 2423 471 2481 At
484 2424 546 2501 ejus
560 2423 607 2480 filii
620 2441 672 2480 uec
688 2423 742 2480 vivi
756 2424 949 2500 probabantur
961 2423 1051 2492 bonis,
1064 2431 1096 2481 et
1114 2422 1219 2482 mortui

257 2533 406 2572 numerum
419 2513 546 2572 obtinent
556 2512 621 2590 jure
634 2531 781 2570 caesorum.

295 2692 379 2748 XIII.
401 2689 457 2759 Qui
466 2690 554 2767 igitur
563 2689 681 2767 adipisci
689 2708 786 2748 veram
799 2689 919 2768 gloriam
928 2689 1013 2757 volet,
1022 2689 1143 2767 justitiae
1154 2689 1217 2748 fuu-

257 2786 343 2856 gatur
355 2778 459 2836 officiis.
501 2779 543 2834 Ea
555 2797 621 2855 quae
636 2786 738 2847 esseut,
754 2778 863 2838 dictum
876 2785 921 2836 est
938 2778 967 2836 iu
979 2778 1052 2836 libro
1064 2779 1216 2855 superiore

226 2875 243 2926 2
259 2867 326 2934 Sed,
340 2873 373 2923 ut
386 2866 525 2933 facillime,
535 2867 634 2943 quales
648 2867 744 2935 eiuras,
754 2868 828 2931 tales
841 2885 904 2924 esse
913 2867 1068 2935 videamur,
1078 2867 1132 2924 etsi
1144 2868 1173 2924 in
1183 2886 1218 2926 eo

257 2955 319 3032 ipso
333 2955 375 3012 vis
396 2955 517 3012 maxima
534 2963 586 3023 est,
601 2962 634 3013 ut
655 2956 744 3014 simus
760 2956 787 3024 ii,
801 2957 851 3033 qui
870 2956 969 3014 haberi
981 2956 1108 3023 velimus,
1122 2963 1218 3014 tamen

226 3044 391 3121 3qnaedam
414 3051 560 3121 praecepta
583 3044 680 3102 danda
701 3052 776 3104 sunt.
817 3046 893 3103 Nam
914 3045 939 3104 ai
961 3045 1024 3121 quis
1048 3045 1085 3104 ab
1104 3045 1218 3104 incunte

259 3138 344 3192 aetate
358 3131 445 3189 habet
456 3150 570 3190 causam
582 3134 752 3192 celebritatis
765 3140 795 3191 et
808 3135 935 3201 nominis,
949 3141 1000 3192 aut
1012 3153 1031 3190 a
1043 3139 1124 3210 patre
1138 3153 1217 3192 acce·
1326 3150 1327 3169 ¹

252 3226 339 3298 ptam
349 3217 437 3297 (quod
447 3221 505 3286 tibi,
517 3221 556 3278 mi
567 3221 673 3289 Oieero,
683 3223 804 3281 arbitror
812 3219 976 3300 contigisse)
986 3229 1037 3280 aut
1046 3222 1141 3299 aliquo
1151 3241 1219 3280 casu

258 3318 346 3388 atque
365 3310 496 3366 fortuna:
517 3310 546 3367 in
563 3311 639 3366 hunc
657 3311 732 3368 oculi
744 3312 870 3370 omnium
883 3312 1077 3389 conjiciuntru,
1091 3320 1178 3389 atque
1190 3312 1219 3372 iu

260 3419 333 3466 eum,
345 3397 413 3475 quid
422 3403 499 3473 egat,
510 3397 751 3473 quemadmodum
762 3400 846 3467 uvat,
857 3400 1019 3476 inquiritur:
1033 3407 1063 3458 et
1073 3407 1219 3477 tamquam

260 3489 289 3548 iu
302 3486 453 3548 clarissima
472 3486 536 3543 luce
550 3492 686 3551 versetur,
700 3486 742 3542 ita
758 3488 868 3544 nullum
887 3488 1039 3547 obscurum
1057 3495 1156 3565 potest
1167 3508 1218 3547 uec

228 3579 368 3638 4diotum
390 3576 452 3652 ejus
473 3593 536 3632 esse
555 3591 606 3630 nec
627 3573 745 3632 tactum.
785 3576 913 3644 Quorum
927 3584 1024 3634 autem
1042 3577 1133 3652 prima
1147 3586 1218 3636 setes

262 3675 380 3744 propter
393 3665 582 3726 humilitatem
592 3670 622 3722 et
635 3663 836 3723 obscuritatem
847 3664 877 3722 in
889 3665 1034 3724 hominum
1044 3666 1218 3744 ignoratione
