2692 4292
190 331 230 388 48
603 341 641 381 nn
662 341 792 381 omnus

241 479 360 532 tendum
370 479 431 540 est;
451 491 550 531 verum
564 471 686 530 alterum
699 471 863 529 exercitatio
872 470 998 549 augebit,
1009 469 1133 529 alterum
1145 471 1215 530 imi..

209 571 227 624 ὅ
242 564 312 622 tatio
326 581 423 642 presse
437 563 612 640 loquentium
627 569 656 619 et
670 561 777 620 leniter.
819 561 898 618 Nihil
918 561 973 618 tuit
992 561 1021 617 in
1039 561 1158 629 (latialis,
1173 569 1211 620 nt

8 611 187 642 “a-
241 671 291 712 eos
305 653 444 729 exquisito
455 651 562 730 judicio
576 659 694 730 putares
707 652 750 709 uti
763 651 929 718 litterarum,
939 669 1112 728 quamquam
1125 659 1210 709 erant

241 741 365 810 litterati
380 743 431 800 sed
452 749 482 800 et
501 742 563 799 alii:
585 741 616 798 hi
635 749 733 798 autem
746 740 854 818 optime
866 740 913 798 uti
928 741 1026 818 lingna
1039 741 1140 797 Latina
1153 761 1208 818 pu-

209 835 227 889 6
242 832 384 894 tabantur.
419 831 513 890 Sonus
527 838 589 890 erat
603 831 712 899 dulcis3
732 831 835 889 littera
847 849 940 907 neque
950 849 1102 908 expressae,
1113 849 1209 908 neque

241 939 395 999 oppressae,
409 941 446 980 ne
466 928 517 980 aut
535 921 690 979 obscurum
707 927 792 986 esset,
807 927 858 977 aut
877 920 1018 996 putidum.
1059 921 1126 977 Sine
1139 940 1207 978 con·

209 1009 226 1070 'l
242 1013 366 1070 tentione
385 1030 444 1070 vox
463 1030 516 1070 nec
540 1010 688 1090 languens,
709 1029 763 1068 nee
783 1029 894 1068 canora.
935 1009 1058 1068 Uberior
1069 1011 1158 1068 oratio
1171 1011 1207 1069 L.

242 1101 345 1170 Crassi,
370 1120 422 1160 nec
445 1101 537 1158 minus
558 1101 671 1158 faceta:
701 1099 753 1157 sed
776 1100 849 1158 bene
873 1099 1008 1177 loquendi
1031 1099 1068 1157 de
1093 1100 1208 1158 Catulis

209 1195 227 1248 8
242 1191 405 1267 opinionon
419 1191 517 1248 minor.
559 1190 626 1248 Sale
640 1209 709 1248 vero
722 1197 752 1248 et
765 1189 873 1248 facetiis
887 1189 993 1257 (iasar,
1009 1190 1104 1248 Oatuli
1116 1191 1208 1267 patris

241 1279 338 1348 irater,
359 1279 426 1338 vicit
450 1297 557 1348 omnes,
578 1287 612 1338 ut
635 1280 664 1338 in
686 1280 736 1338 illo
756 1279 820 1358 ipso
842 1279 947 1337 lorensi
967 1298 1072 1358 genere
1094 1280 1209 1360 dicendi

208 1369 434 1428 tcontentiones
457 1370 576 1428 aliorum
596 1389 727 1428 sermone
740 1370 872 1428 vinceret.
915 1369 949 1426 ln
969 1369 1098 1428 omnibus
1117 1370 1209 1448 igitur

240 1461 285 1518 bis
299 1460 503 1520 elaborandum
516 1469 569 1528 est,
584 1461 607 1519 si
626 1461 655 1518 in
674 1461 751 1518 omni
763 1479 804 1528 re,
817 1459 887 1537 quid
900 1458 1010 1527 deceat,
1024 1459 1207 1536 exquirimus.

190 1555 227 1610 10
242 1550 285 1610 Sit
299 1571 368 1630 ergo
381 1552 427 1610 hio
441 1571 542 1618 sermo,
557 1551 586 1608 in
600 1571 658 1628 quo
672 1549 809 1609 Socratici
828 1550 949 1608 maxime
969 1549 1119 1616 excellunt,
1135 1549 1208 1607 lenis

241 1641 410 1719 minimeque
424 1642 570 1719 pertinax:
592 1641 658 1698 insit
671 1640 700 1698 in
713 1659 748 1698 eo
760 1640 849 1716 lepos.
891 1639 954 1697 Nec
967 1658 1044 1705 vero,
1059 1646 1209 1716 tamquam

190 1735 224 1790 11
241 1732 270 1789 in
291 1732 498 1808 possessionem
517 1749 598 1788 suam
612 1730 729 1797 venerit,
744 1727 878 1788 excludat
890 1729 977 1786 alios:
998 1729 1050 1786 sed
1065 1748 1129 1786 eum
1143 1730 1209 1787 reli·

241 1821 304 1896 quis
318 1821 346 1878 in
360 1823 453 1887 rebus,
469 1827 532 1878 tum
552 1819 580 1877 in
599 1839 730 1878 sermone
750 1819 900 1886 communi,
915 1818 1136 1876 vicissitudinem
1149 1838 1209 1877 non

191 1915 226 1966 12
241 1910 366 1985 iniquam
380 1916 471 1987 putet.
505 1910 552 1967 Ac
567 1910 663 1968 videat
677 1910 705 1968 in
720 1909 826 1987 primis,
841 1908 945 1985 quibus
959 1908 995 1966 de
1009 1909 1095 1966 rebus
1107 1909 1209 1986 loqua-

191 2003 226 2056 le
242 2005 307 2056 tur:
329 1998 353 2055 si
368 1999 454 2066 seriis,
470 2000 649 2057 severitatem
664 1999 819 2065 adhibeat;
839 1998 987 2076 sijocosis,
1001 1999 1136 2076 leporem.
1171 2001 1209 2056 In

244 2088 397 2166 primisque
418 2087 576 2165 provideat,
591 2108 627 2148 na
641 2107 735 2147 sermo
748 2089 847 2146 vitium
861 2086 976 2166 aliquod
995 2089 1101 2147 indicet
1115 2089 1208 2146 inesse

241 2180 270 2237 in
290 2178 431 2236 moribus:
454 2178 532 2254 quod
552 2179 675 2236 maxime
695 2186 759 2236 tum
777 2179 851 2237 solet
863 2179 983 2245 evenire,
999 2198 1065 2235 cum
1079 2179 1209 2237 studiose

242 2269 279 2328 de
288 2267 454 2349 absentibus
463 2267 632 2326 detrahendi
642 2287 736 2334 causa,
748 2275 799 2326 aut
809 2287 861 2345 per
868 2268 1027 2335 ridiculum,
1039 2275 1090 2325 aut
1100 2287 1207 2336 severe,

191 2365 228 2419 14
242 2357 379 2418 maledice
394 2357 652 2435 contumelioseque
664 2359 776 2415 dicitur.
811 2358 964 2415 Habentur
972 2364 1070 2415 autem
1083 2359 1207 2435 plerum-

241 2467 297 2527 que
319 2467 463 2506 sermones
482 2455 533 2506 aut
546 2449 582 2506 de
597 2447 760 2505 domesticis
780 2447 908 2525 negotiis,
923 2454 973 2504 aut
987 2447 1023 2504 de
1037 2448 1206 2525 republica,

191 2545 228 2598 15
242 2546 293 2598 aut
313 2538 350 2596 de
370 2539 474 2596 artium
494 2538 594 2596 studiis
615 2545 702 2614 atque
721 2537 858 2596 doctrina.
900 2536 1003 2594 Danda
1017 2537 1106 2614 igitur
1118 2556 1209 2614 opera

242 2636 295 2695 est,
310 2635 343 2686 ut
356 2629 443 2686 etiam
457 2628 480 2685 si
494 2628 627 2686 aberrare
641 2627 680 2684 ad
699 2627 755 2683 alia
771 2625 898 2702 coeperit,
916 2626 953 2682 ad
975 2627 1038 2684 haec
1058 2634 1209 2684 revocetur

243 2717 349 2783 oratio;
370 2717 420 2774 sed
436 2725 579 2793 utcunque
594 2717 732 2774 aderunt:
754 2716 934 2792 nequeenim
946 2715 1047 2773 iisdem
1061 2716 1097 2773 de
1111 2717 1206 2785 rebus,

192 2813 228 2866 16
242 2825 294 2864 uec
309 2805 384 2862 omni
398 2813 534 2881 ternpore,
546 2825 598 2863 nec
613 2807 740 2864 similiter
753 2806 936 2875 delectamur.
970 2806 1208 2864 Animadverten-

243 2894 313 2952 dum
327 2901 371 2950 est
385 2893 478 2959 etiam,
494 2901 635 2970 quatenus
649 2913 743 2952 sermo
757 2894 974 2953 delectationem
991 2895 1106 2963 habeat,
1121 2904 1159 2963 et,
1174 2904 1209 2954 ut

242 2982 394 3060 incipiendi
407 2983 480 3040 ratio
493 2983 587 3051 luerit,
602 2985 642 3042 ita
656 2984 693 3042 sit
707 2984 853 3042 desinendi
866 2983 978 3043 modus.

281 3161 448 3220 XXXVIII.
464 3161 523 3220 Sed
532 3163 675 3239 quomodo
683 3163 711 3221 in
720 3164 859 3221 omnivita
867 3163 1021 3221 rectissime
1026 3165 1206 3243 praecipitur,

243 3259 276 3309 ut
291 3250 515 3328 perturbationes
535 3252 687 3330 fugiamus,
702 3253 731 3310 id
751 3262 803 3321 est,
818 3261 913 3311 motus
933 3253 1018 3311 animi
1040 3253 1148 3322 nimios,
1163 3275 1206 3312 ra-

244 3341 312 3400 tioni
325 3359 381 3396 non
395 3340 641 3416 obtemperantes3
656 3342 695 3399 sio
710 3343 772 3419 ejus
786 3343 864 3400 modi
876 3344 1000 3400 motibus
1015 3362 1108 3401 sermo
1122 3346 1209 3402 debet

244 3449 353 3496 vacare,
368 3447 404 3486 ne
417 3435 468 3485 aut
481 3429 522 3484 ira
538 3429 649 3496 exstat,
665 3438 716 3488 aut
736 3433 877 3508 cupiditas
896 3433 998 3509 aliqua,
1014 3441 1064 3491 aut
1084 3434 1206 3512 pigritia,

212 3525 294 3578 taut
313 3519 432 3598 ignavia,
448 3525 498 3574 aut
517 3518 574 3574 tale
594 3518 699 3594 aliquid
719 3530 864 3598 appareat.
905 3522 1084 3599 Maximeque
1108 3543 1207 3584 curan*

244 3610 314 3667 dum
328 3617 379 3688 est
394 3615 497 3675 utens,
512 3607 681 3685 quibuscum
701 3629 859 3668 sermonem
874 3611 1060 3680 conferemus,
1075 3619 1105 3670 et
1117 3613 1207 3670 vereri

213 3705 230 3756 3
244 3705 273 3756 et
287 3699 404 3776 diligere
418 3698 571 3756 videamur.
614 3697 834 3777 Objurgationes
848 3700 1153 3779 etiamflnonnunquam
1165 3703 1205 3760 in·
