2692 4292
494 377 581 418 unns
594 377 626 420 n.
667 377 735 418 oin.
749 379 833 418 mn.
1137 355 1177 420 '1³1

338 506 487 581 Beuesuoto
501 509 573 565 mole
587 509 682 574 locato,
697 509 843 583 malefacto
855 508 983 566 arbitror.

156 595 245 665 Quod
259 603 356 654 autem
370 597 509 654 tributum
524 605 568 654 est
589 598 665 654 bono
678 598 738 654 viro
760 605 791 655 et
811 605 903 675 grato,
916 597 946 654 in
958 615 993 654 eo
1007 615 1075 655 eum
1087 600 1157 655 ext

156 687 223 763 ipso
236 687 346 744 fruetus
361 694 413 753 est,
429 693 491 742 tum
506 686 590 742 etiam
605 706 639 743 ex
654 688 762 744 ceteris.
802 687 972 744 Temeritate
993 688 1066 743 enim
1080 694 1156 746 reb

127 791 131 797 ’
157 784 246 843 mota,
262 776 423 853 gratissima
436 766 481 832 est
502 775 669 842 liberalitas;
693 794 785 852 eoque
797 795 861 833 eam
873 776 1026 834 studiosius
1041 777 1123 852 pleri·

158 884 217 942 que
231 864 358 931 laudant,
373 864 450 940 quod
465 865 568 922 summi
582 865 720 942 cujusque
741 866 852 924 bonitas
866 884 1015 922 commune
1028 866 1124 942 periu-

159 955 241 1032 gium
255 963 299 1012 est
313 955 445 1012 ominum.
486 954 590 1010 Danda
610 955 699 1031 igitur
717 973 805 1031 opera
824 962 877 1021 est,
891 961 925 1010 ut
938 955 971 1012 iis
985 955 1125 1012 benefieiis
1139 959 1157 1012 6

159 1062 248 1120 quam
269 1043 406 1119 plurimos
420 1043 583 1110 afficiamus,
598 1063 720 1119 quorum
735 1044 872 1102 memoria
884 1044 978 1102 liberis
991 1043 1124 1120 posteris-

160 1151 219 1209 que
240 1133 386 1210 prodatur,
401 1139 434 1188 ut
448 1132 481 1189 iis
494 1133 612 1210 ingratis
634 1151 697 1190 esse
719 1152 775 1189 non
795 1134 886 1190 liceat.
927 1134 1033 1190 Omnes
1053 1131 1158 1190 enimi

159 1222 355 1280 immemorem
369 1222 495 1279 beneficii
505 1221 635 1288 oderunt,
643 1241 763 1299 eamque
777 1223 907 1300 injuriam
917 1223 946 1280 in
957 1223 1127 1280 deterrenda

160 1311 331 1368 liberalitate
355 1311 407 1370 sibi
431 1312 517 1368 etiam
538 1311 605 1378 fieri,
621 1331 752 1389 eumque,
766 1313 815 1389 qni
836 1313 930 1379 faeiat,
945 1329 1126 1370 communem

161 1401 277 1458 hostem
291 1401 451 1458 tenuiorum
472 1409 582 1478 putant.
623 1402 723 1478 Atque
736 1403 802 1460 haeo
816 1403 974 1480 benignitas
987 1402 1072 1459 etiam
1085 1401 1127 1458 rei
1141 1407 1159 1459 8

162 1490 288 1568 publicae
303 1499 347 1546 est
361 1491 445 1556 utilis,
460 1490 561 1568 redimi
581 1509 596 1547 e
619 1492 754 1548 servitute
776 1500 885 1568 captos,
899 1491 1066 1569 locupletari
1084 1498 1127 1548 te·

162 1579 293 1636 nuiores:
314 1581 392 1656 quod
406 1580 521 1655 quidem
537 1581 623 1658 vulgo
645 1581 763 1638 solitum
786 1581 846 1637 fieri
859 1582 896 1638 ab
910 1582 1008 1638 ordine
1020 1586 1127 1646 nostro,

162 1669 192 1726 in
216 1669 341 1726 oratione
356 1670 453 1726 Crassi
476 1669 613 1746 seriptum
637 1670 751 1746 eopiose
774 1669 911 1728 videmus.
953 1670 1035 1727 Hane
1059 1674 1160 1746 ergab

163 1759 395 1816 consuetudinem
410 1759 591 1836 benignitatis
613 1759 754 1837 largitioni
774 1778 924 1816 munerum
946 1760 1030 1837 longe
1050 1766 1130 1816 ante·

163 1867 249 1926 pono.
291 1848 364 1906 Haee
387 1856 430 1904 est
453 1849 581 1926 gravium
602 1849 748 1906 hominum
769 1856 857 1926 atque
876 1867 1061 1926 magnorum
1081 1848 1131 1905 illa

163 1939 245 2016 quasi
268 1945 475 1995 assentatorum
497 1939 604 2016 populi,
619 1939 805 1996 multitudinis
825 1940 969 1996 levitatem
981 1940 1130 2016 voluptate

163 2028 246 2106 quasi
259 2028 439 2086 titillantium.
462 2029 617 2086 Conveniet
630 2036 726 2086 autem
741 2049 806 2086 oum
820 2029 848 2086 in
858 2029 954 2086 dando
967 2029 1130 2086 munificum
1145 2031 1183 2085 10

164 2137 236 2184 esse,
253 2127 315 2176 tum
335 2119 363 2174 in
385 2118 525 2196 exigendo
545 2138 601 2175 non
615 2120 768 2184 acerbum;
788 2119 816 2175 in
830 2119 962 2195 omnique
974 2138 1006 2176 re
1019 2127 1130 2176 eontra·

163 2207 267 2274 hendo,
283 2207 440 2273 vendenda,
456 2206 585 2273 emendo,
597 2207 791 2275 conducendo,
803 2209 932 2275 locando,
941 2208 1132 2266 vicinitatibus

164 2303 195 2354 et
209 2298 333 2354 confiniis
348 2316 460 2373 aequum
475 2305 504 2354 et
524 2297 645 2364 iaoilem,
659 2298 751 2354 multa
771 2298 867 2355 multis
887 2298 923 2354 de
941 2298 1005 2374 jure
1019 2316 1071 2354 suo
1085 2314 1131 2354 oe·
1187 2347 1192 2354 .

165 2386 290 2452 dentem,
311 2405 329 2442 a
353 2387 449 2444 litibus
463 2406 540 2454 vero,
555 2393 694 2463 quantum
718 2387 809 2453 liceat,
824 2395 854 2444 et
873 2387 967 2444 neseio
988 2405 1025 2442 an
1045 2386 1132 2464 paulo

165 2476 232 2553 plus
246 2476 331 2534 etiam
345 2495 431 2552 quam
445 2476 537 2543 liceat,
553 2477 761 2534 abhorrentem.
802 2477 856 2532 Est
876 2475 949 2532 enim
968 2493 1026 2530 non
1045 2473 1131 2530 modo
1147 2477 1182 2530 11

165 2566 291 2632 liberale,
307 2565 423 2642 paulum
443 2583 645 2641 nonuunquam
658 2565 695 2622 de
709 2584 761 2621 suo
779 2565 844 2641 jure
857 2563 1005 2630 decedere,
1020 2562 1071 2620 sed
1090 2563 1131 2618 in·

166 2655 281 2712 terdum
294 2655 380 2711 etiam
395 2654 582 2712 fructuosum.
624 2654 766 2711 Habenda
786 2661 881 2710 autem
895 2652 967 2710 ratio
973 2660 1025 2710 'est
1037 2652 1078 2710 rei
1090 2652 1132 2708 ia·
1149 2655 1185 2710 12

167 2744 288 2810 miliaria
299 2761 384 2820 quam
395 2744 508 2820 quidem
520 2744 606 2802 dilabi
621 2745 720 2811 sinere,
731 2744 902 2823 flagitiosum
912 2752 964 2810 est,
976 2741 1027 2800 sed
1040 2741 1089 2809 ita,
1099 2747 1134 2799 ut

167 2833 360 2890 illiberalitatis
375 2834 554 2910 avaritiaeque
568 2834 642 2891 absit
657 2834 788 2910 suspicio.
822 2834 911 2890 Posse
925 2833 999 2890 enim
1014 2831 1132 2891 liberali-
1148 2837 1185 2890 13

167 2929 228 2982 aa
242 2922 293 2989 uti,
309 2942 365 2979 non
379 2923 547 2999 spoliantem
562 2941 592 2980 se
607 2923 784 3000 patrimonio,
799 2923 928 2980 nimirum
942 2931 987 2980 est
1007 2922 1135 3000 peeunioe

169 3011 280 3069 fructus
293 3012 441 3070 maximus.
473 3013 562 3070 Recte
574 3013 658 3070 etiam
669 3031 687 3068 a
696 3013 894 3089 Theophrasto
903 3020 948 3070 est
956 3013 1074 3070 laudata
1083 3013 1133 3070 ho·
1149 3014 1187 3070 14

169 3102 316 3179 spitalitas.
357 3102 409 3159 Est
419 3101 502 3168 enim,
512 3109 545 3158 ut
558 3102 626 3158 mihi
639 3101 756 3178 quidem
765 3103 885 3169 videtur,
897 3101 980 3159 valde
990 3101 1134 3169 deserum,

171 3200 269 3268 patere
278 3191 380 3248 domus
388 3192 534 3248 hominum
542 3192 693 3249 illustrium
702 3193 858 3250 illustribus
867 3193 1038 3270 hospitibus:
1049 3192 1136 3269 idque

169 3281 255 3338 etiam
276 3281 317 3338 rei
339 3282 463 3358 publioae
485 3289 529 3338 est
553 3290 727 3349 ornamento,
742 3283 870 3340 homiues
890 3291 1021 3340 externos
1034 3283 1090 3340 hoo
1103 3280 1135 3338 li·

170 3371 325 3429 beralitatis
339 3389 442 3448 genere
453 3371 481 3428 in
491 3373 561 3429 urbe
574 3370 671 3429 nostra
681 3391 738 3430 non
748 3391 841 3450 egere.
882 3373 935 3430 Est
944 3380 1041 3430 autem
1051 3371 1136 3428 etiam
1151 3374 1188 3428 15

171 3461 354 3518 vehementer
367 3461 437 3518 utile
458 3461 563 3542 iisqui
582 3463 701 3519 honeste
722 3481 807 3539 posse
826 3462 948 3518 multum
962 3462 1070 3525 volunt,
1085 3477 1137 3534 per

170 3550 382 3627 hospitesapud
392 3559 522 3608 externos
532 3553 653 3629 populos
662 3553 756 3610 valere
764 3552 867 3629 opibus
875 3559 905 3607 et
912 3550 1012 3627 gratis.
1043 3547 1134 3603 Theo·
1150 3552 1188 3606 lo

170 3640 305 3717 phrastus
319 3641 435 3716 quidem
449 3641 553 3708 soribit,
569 3641 716 3700 Cimonem
729 3640 852 3698 Athenis
866 3639 952 3695 etiam
964 3638 993 3692 in
1007 3654 1073 3693 suos
1087 3654 1136 3692 eu·

170 3728 253 3788 riales
261 3729 399 3788 Laciadas
412 3730 582 3809 hospitalem
594 3731 690 3789 fiisse.
731 3732 779 3788 Ita
789 3729 864 3788 enim
872 3725 1035 3794 instituisse,
1046 3731 1076 3785 et
1085 3724 1137 3785 vil·

649 3817 688 3879 7*
