2692 4292
531 317 617 358 amna
630 319 661 358 11.
703 320 770 360 one.
785 319 856 358 1111.
1161 303 1198 360 et

179 449 432 528 congregabantur
451 447 586 516 homines,
601 456 697 506 tamen
709 467 761 525 spe
773 447 912 508 custodis
925 466 1021 508 rernm
1032 465 1150 506 suarum

179 539 298 597 urbium
319 538 452 617 praesidia
473 539 649 614 quaerebant.
691 538 794 596 Danda
814 539 900 596 etiam
920 555 1008 616 opera
1027 545 1080 604 est,
1100 555 1146 603 ne,
1163 540 1201 594 1⁰

180 629 263 705 quod
284 629 362 705 apud
383 629 506 706 majores
524 636 635 686 nostros
656 647 735 705 saepe
756 630 851 695 fiebat,
866 636 982 705 propter
1001 627 1092 688 aerarii
1105 634 1147 685 te·

181 719 323 778 unitatem
344 717 594 794 assiduitatemque
616 718 764 784 bellorum,
789 718 927 776 tributum
947 718 984 776 sit
1003 717 1147 776 conferen-

182 807 264 874 dum,
279 807 364 883 idque
378 825 413 864 na
433 807 551 875 eveniat,
572 807 663 864 multo
683 816 750 864 ante
769 808 822 866 erit
843 807 1057 885 providendum.
1097 806 1149 864 Sin
1164 810 1199 864 11

183 917 251 973 quae
274 896 426 954 necessitas
449 897 534 974 hujus
555 897 678 954 muneris
698 897 781 955 aliem
800 897 980 974 reipublicae
994 895 1148 963 obvenerit,

185 985 275 1065 (malo
289 988 370 1054 enim,
385 1005 471 1064 quam
490 993 595 1045 nostrae
619 987 751 1053 ominem
771 1005 864 1064 neque
883 994 981 1044 tamen
993 986 1030 1044 de
1043 993 1149 1053 nostra,

185 1077 238 1134 sed
252 1078 288 1136 de
302 1077 377 1135 omni
391 1096 422 1136 re
436 1078 550 1154 publiea
563 1077 692 1156 disputo)
707 1077 802 1136 danda
821 1078 876 1134 erit
894 1096 990 1155 opera,
1004 1084 1039 1135 ut
1051 1093 1150 1134 omnes

186 1167 352 1243 intelligant,
376 1167 400 1225 si
423 1167 492 1225 salvi
516 1186 579 1227 esse
602 1167 697 1234 velint,
717 1167 879 1226 necessitati
898 1187 961 1226 esse
981 1168 1148 1246 parendum.
1164 1169 1203 1228 12

187 1257 285 1332 Atque
299 1257 384 1314 etiam
399 1275 503 1323 omnes,
519 1257 567 1333 qui
580 1275 640 1316 rem
662 1258 804 1334 publicam
824 1258 1034 1336 gubernabunt,
1049 1277 1150 1316 consu·

186 1345 245 1403 lere
260 1345 413 1412 debebunt,
428 1353 461 1403 nt
475 1363 573 1404 aarum
593 1365 688 1404 rerum
709 1347 790 1424 copia
802 1347 847 1414 sit,
862 1367 928 1424 quaa
942 1355 1010 1404 sunt
1022 1366 1150 1406 neeessa-
1166 1353 1203 1408 le

187 1435 246 1493 riae.
287 1438 414 1504 Quarum
435 1435 525 1510 qualis
546 1437 720 1512 comparatio
739 1437 800 1494 fieri
819 1437 909 1494 soleat
922 1445 952 1494 et
966 1437 1080 1504 debeat,
1094 1457 1152 1496 non

188 1532 232 1584 est
245 1544 359 1582 necesse
374 1525 537 1602 disputare:
557 1533 603 1584 est
623 1526 698 1584 enim
716 1527 746 1582 iu
765 1533 920 1603 promptu;
941 1533 1053 1583 tantum
1072 1527 1153 1585 loona

188 1614 371 1692 attingendus
385 1615 446 1672 luit.

230 1705 326 1780 Caput
346 1693 443 1762 liutem
462 1712 507 1762 est
527 1705 555 1762 iu
575 1704 651 1762 omni
672 1703 868 1781 procuratione
888 1703 994 1782 negotii
1008 1711 1038 1762 et
1055 1723 1152 1762 mune·
1169 1708 1206 1763 14

189 1793 226 1850 ris
241 1793 354 1870 publici,
369 1801 402 1850 nt
415 1794 540 1852 avaritias
556 1794 679 1872 pellatur
692 1794 778 1851 etiam
791 1792 906 1850 minima
919 1794 1049 1871 euspicio.
1091 1794 1152 1852 Uti·
1169 1800 1205 1855 lt

188 1903 263 1950 nem,
278 1883 369 1959 inquit
384 1884 417 1941 0.
431 1883 550 1940 Pontius
571 1883 692 1951 Samnis,
707 1885 746 1940 od
758 1885 812 1940 ille
834 1893 954 1957 tempera
974 1903 1018 1941 nae
1030 1886 1155 1959 fortem

189 1981 358 2040 reservasset,
373 1982 399 2030 et
414 1982 473 2030 lum
486 1992 567 2030 essem
583 1982 677 2040 natus,
692 1975 804 2047 qeeando
816 1975 940 2031 Rosam
952 1977 1026 2032 dona
1038 1976 1156 2048 occipere

189 2061 349 2137 cepissent!
370 2083 425 2120 aon
447 2081 529 2120 essem
546 2082 649 2137 possen
668 2065 778 2121 dlutius
798 2083 842 2121 eos
860 2066 1003 2139 impetere.
1045 2065 1100 2122 Nae
1114 2064 1154 2122 illi

189 2153 280 2210 multe
302 2153 410 2210 saeeula
431 2153 608 2228 expectanda
627 2153 761 2210 inerunt:
782 2153 868 2212 modo
888 2155 962 2211 enim
977 2155 1032 2212 hoc
1045 2155 1153 2212 malum
1169 2159 1206 2213 lo

190 2243 217 2300 in
232 2244 304 2300 hanc
318 2261 378 2299 rem
392 2243 535 2319 publicam
549 2242 656 2300 invasit.
699 2245 801 2320 Itaque
814 2243 896 2302 facile
910 2244 1011 2321 patior,
1025 2250 1089 2300 tum
1104 2263 1155 2320 po·

190 2333 247 2390 tius
271 2333 404 2390 Pontium
428 2332 522 2398 luisse,
548 2331 686 2408 siquidem
709 2333 738 2389 in
760 2333 810 2390 illo
831 2339 943 2390 tantm
963 2333 1018 2390 luit
1037 2334 1154 2390 roboris.

192 2422 327 2480 Nondum
341 2429 454 2478 centum
470 2429 499 2478 et
513 2421 611 2478 decem
632 2422 697 2478 anni
716 2429 791 2488 sunt,
807 2442 872 2479 enm
886 2422 923 2479 de
937 2422 1062 2497 pecuffis
1075 2441 1156 2499 repe·
1171 2421 1208 2481 1⁷

191 2511 287 2568 tundis
300 2530 317 2567 a
331 2511 363 2568 L.
378 2511 481 2567 Pisone
495 2511 553 2568 lata
567 2512 613 2567 lex
627 2518 680 2577 est,
695 2511 773 2567 nulla
786 2518 871 2567 antea
885 2529 951 2567 cum
963 2510 1071 2567 luisset.
1113 2512 1157 2568 At

192 2619 259 2658 vero
282 2607 381 2677 postea
403 2607 446 2658 tot
466 2601 552 2677 leges,
568 2609 598 2656 et
612 2601 747 2676 proximae
762 2619 885 2676 quaeque
899 2599 1034 2665 duriores,
1050 2606 1094 2657 tot
1106 2600 1155 2667 rei,

193 2697 236 2747 tot
247 2689 380 2755 damnati,
390 2697 502 2746 tantum
517 2690 649 2747 Italicum
663 2690 770 2747 bellum
785 2697 903 2766 propter
913 2689 1084 2766 judiciorum
1097 2709 1157 2747 me·

194 2786 255 2836 tum
278 2779 441 2846 excitatum,
457 2786 544 2845 tanta,
564 2779 684 2836 sublatis
705 2779 816 2855 legibus
836 2786 866 2835 et
883 2779 1003 2856 judiciis,
1025 2780 1159 2857 expilatio

195 2867 371 2945 direptioque
394 2868 542 2935 sociorum,
564 2875 596 2926 nt
619 2868 810 2926 imbecillitate
831 2869 959 2938 aliorum,
981 2889 1038 2927 non
1060 2878 1159 2929 nostra

195 2957 298 3015 vineta
312 2957 465 3016 valeamus.

236 3137 329 3194 XXII.
351 3137 464 3194 Laudat
473 3137 640 3195 Africanum
653 3137 809 3206 Panaetius,
818 3137 895 3215 quod
908 3137 994 3198 fuerit
1006 3141 1158 3198 abstinens.

197 3226 301 3294 Quidni
320 3226 443 3284 laudet?
464 3227 563 3284 sedin
583 3227 630 3284 illo
651 3228 706 3285 alia
727 3228 844 3305 majora.
886 3229 962 3286 Laus
983 3229 1160 3287 abstinentiae

197 3335 254 3374 non
267 3315 386 3373 hominis
400 3323 444 3373 est
458 3316 559 3383 solum,
575 3315 626 3374 sed
641 3317 726 3374 etiam
740 3325 901 3394 temporum
913 3317 1034 3376 illorum.
1076 3315 1161 3373 Omni
1175 3321 1192 3373 2

198 3404 387 3462 Macedonum
400 3423 479 3483 gana,
494 3424 560 3480 quae
574 3406 628 3463 fuit
641 3406 772 3473 maxima,
788 3407 896 3483 potitus
916 3407 1035 3464 Paullus
1048 3413 1161 3462 tantum

197 3493 226 3550 in
250 3494 379 3550 aerarium
404 3495 532 3571 pecuniae
555 3495 669 3562 invexit,
694 3502 728 3552 ut
751 3496 834 3553 unius
857 3495 1037 3572 imperatoris
1061 3492 1164 3574 praeda

198 3582 283 3641 finem
296 3583 423 3642 attulerit
437 3583 624 3642 tributorum:
645 3591 677 3642 at
690 3585 735 3642 hic
749 3584 818 3643 nihil
837 3585 954 3641 domum
973 3601 1056 3642 suam
1068 3581 1163 3639 intulit

200 3679 304 3750 praeter
323 3673 488 3732 memoaiam
509 3673 628 3732 nomims
648 3674 859 3751 sempiternam.
899 3671 1032 3730 Imitatus
1051 3675 1195 3750 patremt
