2692 4292
516 361 602 401 ursan
616 361 635 401 1.
686 362 753 403 aar.
769 363 847 403 xxix.
1153 343 1191 404 87

169 486 233 546 loco
246 489 330 566 plura
344 489 398 547 dici
413 490 512 548 solent.
554 489 613 548 Sed
633 499 696 548 tum
714 511 826 550 servare
846 491 916 550 illud
937 490 1170 569 politaequcdt

170 577 279 646 deoeat,
292 579 420 646 dicimus,
433 599 498 637 cum
511 579 549 646 id,
562 581 637 656 quod
649 600 762 657 quaque
777 599 898 658 persona
910 582 1028 658 (ligurum
1043 589 1097 650 est,
1108 588 1139 638 et

169 668 209 734 fit,
222 679 251 723 et
262 669 374 726 dicitnr.
410 669 460 736 Ut,
472 670 496 726 si
510 671 620 726 AEaous
634 677 686 727 aut
699 670 793 728 Minos
807 671 915 728 diceret
930 672 1053 738 Oderint,
1068 671 1139 728 dum

168 765 302 824 amicant,
316 766 367 815 aut
379 759 469 815 Natis
482 761 605 832 sepulcro
618 761 676 834 ipsc
688 768 728 816 eat
736 778 841 833 porcis
848 779 860 831 ;
881 760 1046 818 indecorum
1059 760 1136 818 vide-

101 851 104 856 ’
168 854 255 913 retur,
270 848 347 924 qnod
361 849 510 906 coaluisse
528 850 622 926 justos
642 851 813 927 accepimns.
854 851 897 907 At
910 851 1002 908 Atreo
1015 851 1136 918 dicente,

168 936 287 1012 pla-usus
308 937 473 995 excitantur.
515 939 567 996 Est
589 939 663 996 enim
685 929 915 1016 digna'persoua
935 940 1033 997 oratio.
1074 939 1166 998 Sede

169 1033 273 1102 pocta,
289 1026 356 1102 quid
375 1045 515 1103 quemque
529 1027 637 1094 deceat,
653 1047 688 1084 ex
709 1047 829 1104 persona
847 1027 1034 1105 judicabunt:
1055 1029 1136 1086 nobis

168 1122 265 1172 autem
279 1133 431 1192 personam
444 1115 578 1193 imposuit
587 1116 650 1192 ipsa
659 1125 761 1175 natura
776 1135 957 1194 magnacum
970 1117 1137 1174 excellentia

168 1205 392 1282 praestantiaque
406 1205 591 1264 animantium
605 1207 786 1282 reliquarum,
828 1207 968 1274 Quocirca
988 1216 1092 1284 poete,
1107 1207 1136 1264 in
1149 1210 1168 1265 4

168 1311 275 1370 magne
288 1294 424 1352 varietate
446 1313 640 1370 personarum,
662 1295 749 1352 etiam
762 1295 869 1352 vitiosis
889 1296 958 1374 qnid
978 1296 1135 1364 conveniat,
1188 1335 1197 1348 .

169 1381 280 1459 etquid
300 1383 409 1450 deceat,
425 1383 580 1442 videbunt:
602 1385 683 1443 nobis
704 1394 802 1442 autem
824 1404 889 1442 cum
910 1404 928 1441 a
947 1393 1049 1442 natura
1070 1404 1136 1444 oon·

139 1497 152 1506 ·
169 1473 289 1540 stantiae,
310 1474 516 1540 moderationis,
541 1475 745 1552 temperantia,
765 1474 943 1531 verecundiae
967 1482 1063 1551 partes
1084 1475 1135 1532 da·

168 1569 209 1620 tae
223 1562 296 1630 sint;
317 1582 439 1640 cumque
453 1563 553 1621 eadem
567 1573 669 1621 natura
683 1563 785 1621 doceat
798 1582 854 1619 non
867 1563 1022 1640 negligere,
1037 1581 1134 1639 quem-

168 1651 324 1710 admodum
348 1671 398 1710 nos
422 1651 558 1709 adversus
579 1653 708 1708 homines
727 1669 880 1729 geramus:
901 1651 1028 1720 efficitur,
1053 1659 1136 1710 utet

168 1741 248 1807 illud,
264 1741 341 1817 quod
356 1742 393 1799 ad
408 1759 520 1799 omnem
541 1741 720 1798 honestatem
741 1741 870 1818 pertinet,
887 1741 1031 1817 decorum,
1046 1760 1134 1817 qnam

167 1830 225 1888 late
239 1831 333 1888 lusum
348 1831 393 1897 sit,
408 1837 564 1908 appareat;
586 1837 616 1888 et
629 1830 693 1897 hoc,
709 1829 788 1907 quod
807 1837 953 1906 spectatur
966 1829 995 1888 iu
1008 1849 1134 1907 unoquo·

167 1938 223 1997 que
236 1939 341 1998 genere
349 1920 468 1978 virtutis.
501 1920 542 1976 Ut
550 1905 624 1978 euiln
639 1919 823 1997 pulchritudo
837 1920 962 1997 corporis
975 1927 1044 1997 apte
1057 1940 1134 1978 com·
1148 1928 1166 1980 5

168 2009 305 2086 positione
327 2011 520 2068 membrorum
545 2016 641 2067 movet
661 2009 767 2075 oculos,
788 2017 819 2065 et
838 2009 963 2066 delectat
986 2010 1040 2068 hoc
1060 2008 1133 2087 ipso,

167 2099 244 2174 quod
258 2099 330 2157 inter
344 2117 374 2156 se
389 2117 487 2155 omnes
501 2107 596 2176 partes
611 2117 676 2156 curn
690 2098 816 2174 quodem
829 2099 927 2175 lepore
938 2100 1133 2157 consentiunt:

167 2187 207 2245 sic
221 2189 275 2245 hoc
289 2188 432 2254 decorum,
449 2186 526 2265 quod
547 2188 641 2244 elucet
660 2188 689 2243 in
702 2187 769 2254 vita,
784 2195 880 2245 movet
898 2189 1134 2266 approbationem

167 2295 274 2344 eorum,
288 2278 458 2354 quibuscum
473 2276 584 2343 vivitur,
604 2277 703 2333 ordine
723 2284 754 2333 et
774 2279 932 2334 constantia
953 2285 983 2334 et
1003 2277 1132 2334 modera-

166 2367 242 2424 tione
251 2365 391 2424 dictorum
399 2366 526 2423 omnium
535 2373 621 2444 etque
629 2366 780 2423 factorum.
811 2366 987 2424 Adhibenda
995 2374 1039 2423 est
1046 2367 1165 2444 igiturd

166 2457 298 2533 quaedam
322 2455 478 2513 reverentia
498 2454 635 2512 adversus
656 2455 793 2521 homines,
814 2462 844 2512 et
864 2455 964 2530 optimi
984 2455 1131 2531 cujusque,

166 2554 196 2602 et
216 2545 394 2622 reliquorum.
437 2545 512 2602 Nam
535 2545 690 2622 negligere,
706 2543 775 2620 quid
794 2543 831 2601 de
845 2543 1007 2620 aequisque
1021 2545 1131 2612 sentiat,

166 2653 223 2692 non
237 2636 328 2693 solum
342 2635 500 2712 arrogantis
520 2643 572 2700 est,
588 2633 639 2692 sed
661 2633 746 2690 etiam
768 2633 880 2690 omnino
903 2633 1038 2692 dissoluti.
1079 2635 1164 2694 Est'l

166 2733 263 2782 autern
286 2724 363 2801 quod
387 2725 506 2790 differat,
532 2723 560 2780 in
589 2723 735 2780 hominum
762 2723 869 2780 ratione
897 2723 1035 2791 habenda,
1059 2723 1133 2783 inter

164 2813 301 2891 justitiam
321 2822 350 2871 et
363 2813 570 2870 verecundiam.
612 2812 736 2871 Justitiae
757 2821 852 2888 partes
873 2821 940 2872 sunt
958 2833 1015 2871 non
1028 2814 1131 2873 violare
1146 2821 1164 2874 8

166 2904 301 2970 homiues,
316 2902 493 2960 verecundiae
508 2921 564 2959 non
578 2901 731 2968 offendere,
745 2901 773 2959 in
787 2922 845 2978 qno
857 2904 978 2960 maxime
997 2904 1130 2982 perspici·

166 3001 214 3051 tur
227 2994 267 3050 vis
281 2991 383 3050 decori.
424 2992 477 3048 His
490 2992 577 3068 igitur
589 2991 724 3068 expositis
737 2993 821 3068 quale
835 2992 872 3051 sit
883 2992 922 3060 id,
937 2993 1014 3069 quod
1028 2993 1131 3052 decere

82 3151 88 3160 Ι
166 3082 292 3150 dicimus,
307 3082 480 3140 intellectum
495 3088 574 3158 puto.

206 3261 337 3320 Officium
358 3267 464 3328 autem,
485 3260 561 3337 quod
582 3261 620 3317 ab
640 3279 675 3318 eo
695 3260 816 3329 ducitur,
839 3261 913 3319 hanc
934 3263 1057 3339 primum
1079 3263 1162 3322 her-9

165 3353 215 3410 bet
230 3349 312 3418 viam,
327 3369 393 3426 quae
406 3349 522 3408 deducit
533 3349 571 3408 ad
592 3350 813 3408 convenientiam
833 3351 1129 3427 conservationemque
1166 3357 1170 3362 “

164 3448 292 3498 naturae:
313 3459 399 3516 quam
419 3439 442 3496 si
462 3457 612 3515 sequemur
632 3440 745 3507 ducem,
762 3459 906 3516 nunquam
926 3440 1128 3508 aberrabimus,

165 3547 371 3605 sequemurque
385 3538 414 3586 et
427 3529 465 3594 id,
480 3528 556 3604 quod
570 3536 686 3586 acutum
700 3537 729 3587 et
743 3529 890 3606 perspicax
903 3538 1004 3584 natura
1017 3535 1079 3594 eat;
1099 3535 1129 3585 et

164 3619 202 3685 id,
217 3618 294 3694 quod
304 3617 345 3674 ad
356 3618 501 3675 hominum
515 3617 748 3676 consociationem
762 3616 1025 3682 accommodatum
1046 3624 1075 3672 et
1088 3615 1126 3684 id,

164 3707 242 3785 quod
255 3708 407 3766 vehemens
428 3713 514 3784 atque
532 3705 613 3764 forte.
655 3705 715 3764 Sed
733 3703 911 3762 maximavis
924 3703 1019 3764 decori
1031 3704 1061 3763 in
1073 3706 1128 3767 hec
1143 3713 1179 3771 10

664 3799 684 3850 4
