2692 4292
180 343 219 399 18
594 357 632 396 DE
653 356 783 398 ornem

231 486 346 552 tionem,
360 486 482 543 alterum
502 503 555 562 per
574 485 647 553 vim;
669 504 793 562 cumque
812 484 882 543 illud
896 486 1043 563 proprium
1056 485 1093 545 sit
1105 487 1199 546 homi·

231 576 283 644 nis
304 574 359 632 hoc
380 574 545 633 beluarum:
575 575 796 653 confugiendum
816 581 862 632 est
881 575 918 633 ad
939 575 1089 652 posterius,
1110 577 1133 634 si
1153 577 1199 635 uti

198 673 287 724 anon
307 665 373 723 licet
394 665 545 741 superiore.
588 665 683 733 Quare
704 663 883 741 suscipienda
896 664 1013 741 quidem
1034 665 1110 723 bella
1128 672 1199 722 sunt

231 756 342 812 obeam
358 771 480 821 causam,
495 761 528 810 ιιι
542 753 600 811 sine
613 753 716 830 injuria
728 754 757 810 in
770 773 842 830 pace
856 754 981 811 vivatur:
1003 760 1085 830 parta
1098 763 1198 812 autem

230 844 354 912 victoria,
370 843 554 902 conservandi
574 843 600 910 ii,
622 843 671 919 qui
692 861 748 899 non
769 843 898 901 crudeles
919 844 946 900 in
967 843 1050 912 bellc,
1067 862 1124 901 non
1143 845 1196 901 im·

197 939 327 992 tmancs
355 934 478 990 fuerunt.
520 933 562 989 Ut
587 933 710 1009 majores
743 933 832 989 nostri
864 933 1049 999 'lhrsculanos
1072 934 1197 1009 AEquos,

230 1024 360 1089 Volscos,
382 1023 509 1089 Sabinos,
531 1022 669 1079 Hernicos
689 1021 718 1078 in
738 1022 880 1080 civitatem
900 1023 987 1080 ctiam
1006 1032 1196 1100 acceperunt:

197 1121 215 1174 5
230 1121 260 1170 at
275 1113 476 1190 Carthaginem
491 1119 520 1168 et
534 1111 717 1168 Numantiam
727 1110 857 1169 funditus
871 1111 1055 1170 sustulerunt.
1080 1113 1198 1170 Nollem

230 1202 413 1260 Corinthum:
436 1201 488 1258 scd
508 1201 593 1259 credo
613 1201 721 1277 aliquid
741 1209 863 1267 secutos,
879 1202 1120 1278 opportunitatem
1140 1202 1197 1260 loci

229 1290 361 1358 maxime,
382 1293 417 1348 ne
445 1298 543 1366 posset
562 1290 715 1366 aliquando
734 1291 772 1348 ad
800 1291 907 1348 bellum
931 1291 1093 1349 laciendum
1112 1290 1197 1349 locus

196 1387 214 1440 6
229 1382 289 1458 ipse
304 1381 456 1438 adhortari.
498 1381 563 1437 Mea
577 1379 692 1456 quidem
705 1381 853 1448 sententia,
865 1380 937 1458 paci,
953 1401 1019 1458 quae
1034 1381 1102 1438 nihil
1115 1381 1197 1438 habi·

229 1479 294 1528 tura
317 1471 354 1528 sit
376 1471 547 1537 insidiarum,
572 1489 686 1545 semper
711 1476 755 1526 est
779 1471 992 1528 consulendum.
1034 1472 1069 1527 In
1091 1489 1149 1547 qno
1172 1469 1198 1528 si

228 1561 297 1618 mihi
318 1568 393 1618 esset
412 1561 649 1637 obtemperatum,
665 1560 690 1618 si
709 1579 766 1616 non
780 1561 926 1637 optimam,
942 1567 973 1618 at
991 1561 1115 1638 ahquam
1134 1580 1197 1618 rem

197 1650 213 1710 'l
229 1651 380 1729 publicam,
392 1670 458 1727 quae
473 1670 548 1707 nunc
562 1648 641 1706 nulla
655 1656 707 1716 cst,
723 1649 902 1707 haberemus.
928 1651 982 1707 ·Et
996 1670 1061 1707 cum
1071 1651 1112 1717 iis,
1123 1670 1197 1728 quos

228 1741 256 1798 vi
270 1741 414 1807 deviceris
430 1738 636 1797 consulendum
657 1746 719 1806 est;
740 1747 801 1795 tum
815 1739 842 1805 ii,
857 1739 919 1815 qui:
929 1740 1016 1796 armis
1036 1741 1143 1817 positis,
1157 1739 1197 1797 ad

228 1830 433 1906 imperatorum
457 1829 542 1885 fidem
567 1828 740 1906 confugient,
755 1829 884 1904 quamvis
904 1849 1019 1886 murum
1041 1831 1112 1886 aries
1132 1849 1197 1906 per·

197 1925 214 1978 8
230 1918 356 1984 cusserit
371 1917 531 1994 recipiendi.
574 1919 609 1974 In
623 1937 680 1995 quo
695 1925 845 1995 tantopere
859 1918 937 1994 apud
958 1928 1069 1977 nostros
1087 1920 1199 1996 justitia

230 2008 307 2066 culta
327 2014 378 2073 est,
395 2015 427 2064 ut
448 2007 474 2074 ii,
490 2007 538 2083 qui
553 2007 682 2064 civitates
704 2015 755 2064 aut
776 2008 904 2064 nationes
925 2008 1052 2065 devictas
1073 2010 1148 2066 bello
1167 2009 1199 2066 in

229 2097 315 2155 fidem
330 2097 511 2173 recepissent,
527 2115 624 2154 carum
640 2097 751 2173 patroni
765 2104 860 2154 essent
873 2098 1115 2186 morfflajorum.

197 2195 215 2247 9
268 2188 314 2243 Ac
336 2187 402 2244 belli
426 2186 545 2262 quidem
565 2187 683 2264 aequitas
707 2187 882 2244 sanctissime
912 2187 1000 2244 fetiali
1021 2187 1119 2265 populi
1139 2189 1197 2246 Ra

229 2277 305 2335 mani
322 2277 386 2354 jura
407 2275 564 2353 perscripta
584 2283 635 2333 est.
678 2277 722 2332 Er
742 2296 799 2353 quo
819 2275 939 2354 intelligi
959 2284 1064 2353 potest,
1085 2278 1197 2336 nullum

229 2368 335 2426 bellum
356 2386 417 2423 esse
436 2367 555 2444 justum,
577 2365 628 2422 nisi
649 2366 727 2442 quod
748 2373 799 2423 aut
818 2367 904 2423 rebus
923 2366 1051 2442 repetitis
1071 2374 1197 2444 geratur,

179 2464 215 2517 10
230 2465 280 2515 aut
300 2457 500 2514 denunciatum
520 2463 585 2512 ante
607 2455 642 2512 sit
663 2462 693 2512 et
712 2456 858 2513 indictum.
900 2456 1028 2532 Popilius
1044 2456 1199 2533 imperator

229 2548 346 2604 tenebat
366 2545 547 2623 provinciam,
563 2545 592 2604 in
605 2545 688 2620 cujus
706 2544 835 2601 exercitu
855 2545 972 2602 (latonia
992 2545 1065 2602 filius
1079 2546 1132 2603 tiro
1145 2547 1199 2602 mi-

229 2637 338 2694 litabat.
373 2635 447 2691 (lum
460 2642 556 2691 autem
570 2633 682 2711 Popilio
697 2634 841 2691 videretur
854 2653 940 2690 unam
956 2634 1096 2692 dimittere
1110 2635 1197 2713 legio-

229 2744 304 2791 nem,
320 2724 436 2780 Gatonis
451 2741 564 2798 quoque
579 2723 676 2790 filium,
691 2724 739 2800 qui
759 2723 787 2780 in
801 2722 903 2780 eadem
923 2724 1035 2801 legione
1048 2723 1198 2793 militabat,

179 2822 214 2875 11
231 2813 344 2872 dimisit.
386 2812 444 2870 Sed
460 2831 525 2868 cum
539 2831 635 2870 amore
656 2814 804 2891 pugnandi
817 2814 846 2870 in
861 2813 986 2887 exercitu
1006 2814 1198 2883 remansisset,

231 2905 305 2961 (lato
318 2902 356 2960 ad
376 2901 520 2978 Popilium
540 2902 660 2979 scripsit,
676 2911 718 2970 ut,
732 2903 756 2959 si
769 2922 835 2960 eum
856 2909 1002 2979 pateretur
1021 2904 1051 2960 in
1070 2904 1197 2961 exercitu

230 3011 384 3059 remanere,
405 2991 532 3051 secundo
552 3011 618 3049 eum
639 2992 746 3070 obliget
766 2993 872 3053 militiae
897 3000 1091 3071 sacramento:
1120 2993 1196 3069 quia,

231 3083 325 3159 priore
338 3081 449 3148 amisso,
462 3081 527 3159 jure
541 3101 606 3139 cum
617 3082 748 3140 hostibus
758 3100 887 3160 pugnare
901 3101 957 3138 non
971 3089 1091 3159 poterat.
1113 3082 1200 3141 Adeo

180 3179 216 3232 12
231 3191 343 3229 summa
363 3178 424 3228 erat
447 3171 607 3228 observatio
630 3171 659 3228 in
683 3170 759 3237 bello
782 3171 931 3228 movendo.
974 3171 1063 3228 Marci
1084 3171 1200 3247 quidem

232 3261 347 3319 Catonis
359 3261 431 3318 senis
446 3268 489 3318 est
500 3261 621 3337 epistola
634 3260 671 3317 ad
686 3261 817 3318 Marcum
831 3261 929 3327 fihum,
939 3261 968 3318 in
981 3279 1039 3337 qua
1052 3261 1157 3327 scribit,
1169 3280 1199 3318 sc

231 3352 353 3418 audisse,
369 3371 435 3408 eum
453 3351 570 3407 missum
584 3350 693 3406 factum
714 3369 777 3406 esse
791 3368 809 3405 a
827 3350 942 3406 consule
959 3347 1038 3427 [cum
1058 3350 1086 3407 in
1104 3351 1198 3407 Mace·

231 3442 315 3499 donia
335 3441 410 3498 bello
430 3440 546 3496 Persico
566 3439 647 3495 milas
667 3437 766 3516 esset]
807 3439 906 3496 Monet
925 3439 1020 3516 igitur,
1036 3447 1069 3496 ut
1089 3447 1198 3507 caveat,

232 3549 268 3587 ne
283 3530 416 3607 proelium
436 3529 519 3586 ineat.
562 3528 660 3605 Negat
674 3527 749 3585 enim
759 3528 808 3607 jus
828 3528 964 3606 assequi
982 3529 1064 3588 miles
1083 3529 1199 3600 nonsit,

233 3637 299 3678 cum
312 3619 397 3678 hoste
410 3635 550 3698 pugnare.

976 3691 1021 3745 ἢ
1068 3709 1163 3780 ⁹5¹:ss
1190 3742 1204 3772 ο

380 3743 515 3826 ³³³·
734 3753 758 3870 l
814 3738 919 3862 li
970 3732 1068 3862 ἰ’Ἥ

448 3786 696 3949 &wilm
772 3833 780 3858 ⁸

68 3687 187 3776 s
