2692 4292
535 305 620 348 aman
633 309 653 348 1.
696 308 764 350 car.
778 309 850 350 xm.
1144 295 1183 352 28

159 437 229 496 tatis
243 437 399 516 plurimum
418 437 585 496 conseretur.
628 438 695 504 Sed,
711 459 776 515 quae
791 446 900 496 naturae
918 438 1057 516 principia
1074 436 1162 496 sintt

161 527 373 586 communitatis
394 533 424 584 et
445 527 585 584 societatis
604 528 747 594 humanae,
762 527 951 604 repetendum
963 528 1076 586 videtur
1088 528 1130 586 al·

160 616 226 676 tius
268 619 322 675 Est
346 616 421 674 enim
441 617 571 694 primum,
586 616 664 694 quod
685 616 810 674 cernitur
828 618 857 674 in
876 618 999 674 universi
1018 617 1163 695 generis8

161 708 279 765 humani
293 707 447 773 societate;
468 707 530 783 ejus
545 714 641 763 autem
657 706 801 764 vinculum
820 714 866 764 est
886 707 959 764 ratio
979 714 1009 764 et
1031 707 1131 774 oratio,

162 817 228 874 quae
253 796 393 864 docendo,
414 794 557 862 discendo,
580 796 823 863 communicando,
839 795 1033 872 disceptando,
1054 796 1131 874 judi-

163 886 255 944 cando
269 885 399 943 conciliat
412 885 485 942 inter
503 903 533 941 se
553 885 693 952 homines,
708 885 912 961 conjungitque
926 885 1049 942 naturali
1062 905 1131 962 qua·

162 975 232 1034 dam
251 975 394 1033 societate.
435 971 537 1049 Neque
551 974 610 1030 ulla
623 993 654 1031 re
668 974 781 1051 longius
795 975 931 1031 absumus
946 993 965 1030 a
976 981 1079 1031 natura
1090 974 1131 1032 le·
1146 978 1166 1033 t

162 1084 268 1132 rarum,
289 1065 317 1122 in
339 1063 442 1139 quibus
466 1063 557 1120 inesse
581 1063 777 1120 fortitudinem
798 1081 877 1140 saepe
899 1063 1028 1131 dicimus,
1049 1071 1083 1121 ut
1103 1064 1133 1120 in

163 1155 252 1232 equis,
266 1154 295 1212 in
314 1152 459 1219 leonibus;
478 1151 626 1229 justitiam,
643 1152 816 1229 aequitatem,
838 1153 994 1210 bonitatem
1014 1172 1072 1210 non
1091 1153 1132 1210 di·

163 1244 263 1302 cimus
305 1243 379 1300 Sunt
392 1242 467 1299 enim
480 1241 595 1298 rationis
616 1248 646 1299 et
666 1242 799 1299 orationis
813 1249 954 1318 expertes.
995 1242 1041 1300 Ao
1054 1244 1165 1304 latis-t

5 1355 12 1410 ιΓ
79 1397 82 1404 ,
164 1333 235 1390 sime
256 1332 372 1409 quidem
394 1338 496 1408 patens
520 1330 681 1388 hominibus
701 1332 776 1390 inter
796 1332 883 1409 ipsos,
906 1332 1039 1390 omnibus
1059 1333 1133 1391 inter

164 1441 271 1489 omnes,
293 1421 414 1479 societas
435 1421 499 1478 haeo
521 1427 580 1487 est;
601 1420 630 1478 in
651 1439 709 1497 qua
731 1421 857 1478 omnium
880 1440 1071 1497 rerumquae
1095 1421 1134 1480 ad
1178 1485 1187 1510 ι

164 1529 344 1570 communem
357 1511 504 1568 hominum
517 1529 601 1567 usum
615 1517 717 1568 natura
730 1510 837 1588 genuit,
848 1517 893 1567 est
906 1511 1045 1567 servanda
1055 1531 1132 1569 oom-

163 1600 296 1668 munitas,
311 1607 353 1668 ut,
368 1618 434 1676 quae
456 1599 599 1678 descripta
621 1606 689 1656 sunt
706 1599 818 1677 legibus
834 1606 864 1657 et
880 1599 946 1676 jure
966 1599 1047 1666 civili,
1069 1601 1134 1658 haec

162 1691 204 1749 ita
226 1695 384 1756 teneantur,
398 1695 433 1746 ut
454 1688 491 1746 sit
513 1689 741 1758 constitutum,e
764 1689 867 1765 quibus
889 1688 958 1766 ipsis
979 1696 1074 1746 cetera
1093 1690 1134 1748 sio

164 1779 359 1846 observentur,
373 1786 406 1835 ut
424 1779 453 1835 in
468 1779 638 1836 Graeoorum
658 1779 808 1856 proverbio
826 1785 879 1845 est,
894 1778 1051 1836 amicorum
1071 1797 1135 1836 esse

165 1868 326 1927 communia
340 1867 442 1926 omnia.
485 1867 619 1926 Omnium
633 1876 730 1925 autem
753 1868 913 1926 communia
934 1869 1080 1925 hominum
1094 1869 1167 1928 vid

164 1957 269 2016 dentur
291 1976 333 2026 ca,
348 1975 413 2034 quaa
434 1963 501 2015 sunt
522 1957 633 2036 generis
654 1957 723 2025 eius,
737 1958 815 2033 quod
836 1958 874 2016 ab
896 1958 989 2017 Ennio
1009 1960 1135 2037 positum

165 2047 195 2105 in
208 2066 266 2104 una
279 2065 320 2115 re,
335 2047 482 2104 bansfcrn'
495 2046 523 2103 in
537 2047 641 2104 multas
656 2053 760 2124 potest.

338 2147 436 2214 Homo,
453 2148 503 2221 qui
516 2147 620 2204 monti
633 2148 744 2204 comiter
756 2155 892 2204 mmatrat
905 2149 989 2216 amm,

346 2237 436 2309 Quasi
450 2238 542 2294 lumen
556 2237 589 2293 de
601 2255 651 2294 suo
666 2237 772 2293 lamine
784 2238 918 2304 accendat,
925 2239 1008 2313 facit.

338 2327 377 2384 N
373 2328 442 2384 ilico
455 2328 548 2384 miuus
561 2328 617 2401 tyasi
632 2328 711 2394 lucet,
725 2328 847 2384 camilli
860 2328 1019 2385 accenderit.

165 2428 233 2486 Una
255 2446 290 2484 ex
310 2445 341 2484 re
359 2426 428 2484 satis
443 2427 581 2503 praecipit,
597 2433 638 2493 ut,
654 2426 790 2504 quioquid
804 2427 863 2483 sine
878 2426 1046 2484 detrimento
1060 2427 1169 2486 com-⁷

166 2517 277 2576 modari
299 2517 398 2594 possit,
420 2516 449 2574 id
473 2516 615 2577 tribuatur
637 2517 683 2574 vel
704 2516 812 2594 ignoto.
853 2516 898 2572 Ex
919 2534 978 2591 quo
998 2523 1065 2572 sunt
1087 2515 1169 2576 illas

166 2606 335 2674 communia,
358 2625 415 2664 non
439 2605 589 2682 prohibere
613 2624 689 2683 aqua
716 2605 875 2681 profluente
884 2624 902 2684 ;·
921 2604 981 2682 pati
1007 2606 1044 2663 ab
1071 2605 1136 2684 igne

167 2697 265 2775 ignem
279 2715 389 2773 cepere,
405 2695 429 2751 si
442 2694 491 2771 qui
504 2695 589 2761 velit;
611 2695 758 2752 consilium
773 2693 857 2751 fidele
871 2694 1037 2753 deliberanti
1051 2695 1136 2754 dare:
1177 2739 1181 2746 .

167 2805 233 2864 quae
249 2792 316 2843 sunt
328 2785 360 2842 iis
379 2784 467 2851 utilia,
482 2784 531 2861 qui
545 2783 695 2861 accipiunt,
711 2783 791 2842 danti
804 2803 862 2842 non
875 2786 1004 2843 molesta.
1040 2786 1136 2854 Quare

168 2882 198 2932 et
212 2874 255 2932 his
269 2874 408 2931 utendum
423 2880 475 2941 est,
490 2881 521 2931 et
533 2893 647 2951 semper
660 2874 766 2950 aliquid
785 2874 823 2931 ad
838 2894 1017 2932 communem
1031 2875 1136 2932 utilita-

1187 2374 1342 2421 fd

117 2970 122 2976 '
167 2969 229 3021 tem
254 2963 437 3020 afferendum.
487 2963 547 3020 Sed
569 2964 703 3041 quoniam
727 2964 817 3042 copiae
843 2983 940 3042 parvae
961 2965 1170 3042 singulorum9

169 3059 244 3120 sunt,
259 3071 356 3110 eorum
378 3060 483 3122 autem,
498 3053 547 3130 qui
568 3054 612 3110 his
637 3061 749 3132 egeant,
771 3054 879 3111 infinita
898 3062 943 3111 est
962 3053 1136 3112 multitudo:

125 3183 131 3192 -
168 3142 293 3219 vulgaris
307 3141 459 3200 liberalitas
473 3142 621 3200 referenda
635 3143 730 3200 estad
745 3143 825 3202 illum
839 3144 922 3202 Ennii
941 3143 1035 3212 finem,
1049 3145 1139 3202 nitito

168 3232 263 3288 minus
283 3232 339 3306 ipsi
361 3233 451 3304 lacet;
472 3238 507 3288 ut
527 3232 649 3290 facultas
670 3233 716 3300 sit,
731 3251 789 3310 qua
809 3233 839 3290 in
860 3245 972 3292 nostros
994 3234 1083 3291 simus
1105 3233 1138 3291 li·

168 3321 286 3380 berales.

209 3479 307 3536 XVII.
332 3477 447 3535 Gradus
461 3483 557 3534 autem
572 3478 669 3556 plures
683 3487 750 3536 sunt
763 3480 905 3538 societatis
919 3479 1074 3536 hominum.
1096 3477 1140 3534 Ut

169 3567 242 3628 enim
254 3569 290 3624 ab
300 3567 349 3624 illa
358 3567 465 3624 infinita
474 3567 643 3634 discedatur,
656 3569 771 3645 propior
781 3577 825 3626 est
834 3569 965 3646 ejusdem
978 3566 1080 3642 gentis,
1089 3584 1139 3623 na·

167 3656 260 3726 tionis,
275 3658 392 3736 linguae,
407 3673 463 3734 qua
477 3656 602 3714 maxime-
611 3657 739 3715 homines
753 3659 973 3734 conjungumtur.
1014 3654 1138 3713 Interius
1153 3661 1171 3715 2
