2692 4292
146 325 192 384 80'
559 339 597 380 nn
618 337 746 379 carrona

147 477 183 531 la
198 471 233 529 In
240 469 369 528 omnibus
380 475 476 526 autem
486 469 615 546 negotiis,
626 468 704 546 prins
714 485 800 544 quam
810 464 987 544 aggrediare,
998 463 1163 524 adhibenda

198 567 242 618 est
256 558 426 637 praeparatio
439 559 568 636 diligens.

19 693 163 742 β’
237 717 345 774 xxiia

355 715 413 774 Sed
433 735 498 774 cum
517 715 642 792 plerique
656 713 836 779 arbitrentur,
851 731 896 771 res
910 713 1025 772 bellicas
1039 711 1161 789 majorae

166 811 183 862 2
198 824 268 871 esse,
278 824 363 882 quam
377 805 564 871 urbanas,
579 803 732 862 minuenda
741 809 786 858 est
795 803 859 860 haec
869 802 972 879 opinio.
993 802 1076 859 Multi
1085 803 1162 860 enim

198 895 273 954 bella
287 913 364 971 saepe
378 894 550 971 quaesierunt
570 901 688 971 propter
707 891 806 969 gloriar
825 891 1020 969 cupiditatem.
1061 892 1161 968 Atque

198 984 227 1042 id
241 985 269 1040 in
283 987 393 1062 magnis
408 984 506 1041 animis
519 983 694 1060 ingeniisque
714 979 881 1058 plerumque
895 980 1048 1058 contingit:
1069 998 1160 1056 eoque

199 1074 297 1151 magis,
314 1075 337 1130 si
350 1081 417 1130 sunt
430 1073 468 1130 ad
482 1092 542 1130 rem
557 1072 705 1129 militarem
718 1070 779 1146 apti
792 1077 822 1127 et
835 1069 932 1148 cupidi
952 1070 1091 1128 bellorum
1111 1088 1161 1148 ge·

166 1168 183 1219 3
197 1163 357 1219 rendorum.
399 1162 475 1219 Vere
489 1169 585 1218 autern
605 1161 629 1218 si
642 1160 773 1217 volumus
791 1159 928 1236 judicare,
943 1161 1042 1217 multoe
1055 1177 1100 1215 res
1112 1177 1161 1216 ex-

165 1255 184 1308 4
198 1251 315 1307 titerunt
328 1250 445 1307 urbanae
458 1250 579 1327 majores
594 1250 782 1324 clarioresque
795 1267 881 1325 quam
895 1248 1013 1306 bellicae.
1055 1249 1161 1316 Quam-

198 1340 240 1396 vis
264 1339 337 1396 enim
361 1339 562 1397 Themistocles
587 1339 651 1416 jure
678 1336 819 1404 laudetur,
840 1344 871 1396 et
897 1338 934 1395 sit
960 1338 1162 1415 ejus-nomen,

199 1448 284 1505 quam
304 1428 424 1498 Solonis,
437 1429 581 1496 illustrius,
597 1429 755 1503 citcturque
773 1427 894 1484 Salamis
907 1427 1068 1485 clarissimae
1081 1427 1145 1483 test'

198 1517 330 1585 rictoriae,
346 1536 411 1593 quae
430 1525 619 1595 anteponatur
639 1518 755 1576 consilio
775 1516 886 1575 Solonis
906 1516 940 1584 ei,
961 1535 1019 1592 quo
1038 1516 1163 1592 primum

200 1608 343 1666 constituit
357 1609 564 1686 Areopagitas:
586 1627 643 1664 uon
656 1607 749 1665 minus
763 1606 930 1684 praeclarum
950 1606 1014 1673 hoc,
1029 1625 1116 1682 quam
1129 1605 1163 1663 il·

167 1696 249 1756 alud
267 1697 454 1774 judicandum
469 1705 520 1754 est.
562 1697 639 1754 Illud
654 1697 729 1754 enim
742 1697 830 1754 semel
851 1695 966 1772 profuit,
981 1694 1036 1752 hoc
1049 1713 1164 1772 semper

200 1786 327 1862 proderit
341 1786 454 1844 civitati.
496 1785 559 1842 Hoc
574 1786 689 1844 consilio
702 1786 781 1863 leges
795 1785 1020 1852 Atheniensium,
1034 1786 1089 1842 hoc
1103 1803 1163 1841 ma·

168 1876 294 1952 6jorum
316 1875 443 1931 instituta
465 1881 621 1934 servantur.
662 1874 702 1932 Et
725 1874 929 1934 Themistocles
953 1874 1068 1951 quidem
1095 1873 1165 1932 nihil

200 1963 309 2030 dixerit,
320 1963 348 2019 in
361 1982 418 2039 quo
431 1963 491 2040 ipse
506 1963 694 2042 Areopagum
707 1964 869 2042 adjuverit:
891 1971 922 2020 at
934 1964 981 2021 ille
995 1983 1070 2032 vere,
1081 1964 1119 2020 ab
1132 1982 1164 2020 se

200 2051 332 2129 adjutum
352 2052 578 2110 Themistoclem.
620 2054 672 2111 Est
693 2054 768 2111 enim
787 2054 895 2112 bellum
914 2062 1029 2132 gestum
1049 2053 1165 2110 consilio

169 2140 185 2200 'l
201 2147 315 2198 senatus
329 2142 400 2219 ejus
415 2141 463 2217 qui
476 2159 493 2198 a
507 2142 610 2200 Solone
625 2150 686 2200 erat
699 2141 877 2200 constitutus.
919 2143 998 2200 Licet
1011 2142 1113 2200 eadem
1127 2142 1165 2199 de

200 2230 342 2288 Pausania
362 2230 566 2308 Lysandroque
588 2233 690 2299 dicere,
707 2252 830 2309 quorum
850 2232 935 2290 rebus
955 2233 1044 2310 gestis
1064 2251 1164 2309 quam·

201 2338 287 2397 quam
310 2319 459 2396 imperium
483 2321 704 2379 Lacedaemoniis
727 2320 902 2400 [dilatatum]
926 2328 1052 2399 putatur,
1067 2328 1165 2379 tamen

200 2429 236 2468 ne
256 2409 369 2468 minima
383 2410 497 2488 quidem
517 2429 553 2468 ex
577 2420 658 2488 parte
682 2411 807 2488 Lycurgi
830 2410 941 2488 legibus
961 2417 991 2468 et
1010 2411 1166 2488 disciplinae

201 2500 362 2558 conserendi
376 2507 449 2558 sunt.
491 2501 664 2569 Quinetiam
683 2501 721 2558 ob
742 2500 794 2556 has
814 2499 891 2577 ipsas
904 2518 1006 2556 causas
1020 2507 1049 2558 et
1062 2519 1164 2576 paren-

170 2595 187 2648 8
202 2590 286 2648 tiores
300 2591 462 2648 habuerunt
473 2590 622 2657 exercitus,
635 2597 663 2648 et
678 2589 816 2647 fortiores.
857 2589 928 2646 Mihi
938 2589 1053 2665 quidem
1062 2609 1164 2666 neque,

203 2680 297 2756 pneris
317 2678 406 2744 nobis,
422 2679 461 2736 M.
477 2679 602 2736 Scaurus
617 2679 649 2736 Ο.
672 2678 772 2745 Mario,
787 2696 887 2755 neque,
902 2698 968 2736 cum
988 2697 1166 2736 versaremur

202 2769 230 2826 iu
254 2787 285 2825 re
309 2768 431 2844 pubhca‚
448 2767 482 2834 Q.
505 2767 625 2825 Catulus
646 2768 698 2826 On.
720 2767 858 2844 Pompeio
881 2768 982 2824 cedere
1006 2767 1163 2826 videbatur.

171 2857 288 2918 9Parvi
309 2856 384 2912 enim
404 2861 470 2912 sunt
491 2855 558 2913 foris
578 2875 665 2924 arma,
681 2857 734 2914 nisi
753 2864 797 2914 est
815 2856 962 2914 consilium
975 2857 1060 2916 domi
1101 2858 1165 2916 Nec

203 2946 268 3023 plus
282 2945 443 3012 Africanus,
458 2945 607 3022 singularis
626 2953 655 3003 et
668 2946 711 3003 vir
723 2953 753 3004 et
765 2946 928 3023 imperator,
943 2946 972 3003 in
991 2945 1166 3004 excindenda

203 3034 359 3092 Numantia
377 3033 416 3090 rei
435 3034 557 3110 publicae
570 3035 685 3112 profuit,
699 3053 786 3112 quam
799 3036 900 3093 eodem
913 3041 1044 3112 tempore
1056 3037 1090 3093 P.
1106 3035 1165 3092 Na·

204 3124 261 3180 sica
274 3123 409 3199 privatae,
420 3143 485 3180 cum
496 3123 535 3181 Ti.
550 3125 712 3182 Gracchum
724 3125 873 3182 interemit,
909 3124 1089 3201 Quamquam
1103 3125 1166 3183 haec

204 3212 318 3290 quidem
338 3231 383 3268 res
403 3232 460 3269 non
482 3213 574 3270 solum
598 3233 633 3270 cx
655 3214 811 3272 domestica
835 3222 881 3272 est
904 3214 1031 3272 ratione:
1052 3214 1167 3292 attingit

204 3303 289 3361 etiam
312 3301 450 3367 bellicam,
465 3303 596 3378 quoniam
610 3304 638 3361 vi
661 3322 805 3379 manuque
825 3304 954 3362 conlecta
972 3310 1031 3360 cst:
1053 3303 1103 3360 sed
1123 3311 1165 3360 ta-

153 3398 189 3451 10
204 3411 269 3450 men
292 3391 321 3449 id
344 3391 438 3468 ipsum
460 3400 504 3449 est
527 3400 641 3469 gestum
666 3393 780 3450 consiho
808 3394 925 3460 urbano,
949 3393 1008 3450 sine
1031 3393 1166 3450 exercitu.

205 3481 282 3539 lllud
302 3488 397 3538 autem
418 3481 557 3558 optimum
570 3488 622 3548 est,
637 3480 665 3538 in
679 3481 757 3558 quod
769 3482 864 3540 invadi
876 3483 966 3539 solere
979 3481 1017 3539 ab
1030 3481 1168 3558 improbis

204 3578 234 3630 et
247 3571 346 3630 invidis
360 3571 460 3629 audio:

333 3681 438 3742 (ledam
450 3703 531 3740 arura
546 3692 621 3758 toyae,
635 3682 760 3740 coneda
774 3683 870 3740 laurea
884 3681 974 3740 trudi.
