2692 4292
182 313 222 376 ’14
596 331 634 370 nr
648 329 777 370 omens

234 459 373 520 sordidius
386 459 470 536 regi?
490 459 591 517 melius
604 459 699 526 etiam,
712 459 792 535 quod
812 459 989 537 largitionem
1003 459 1201 536 cormptelam

234 567 296 608 esse
306 550 384 608 dixit.
412 549 458 606 Fit
468 550 541 606 enim
553 549 684 615 deterior,
695 549 744 625 qui
754 549 868 624 accipit,
882 559 968 626 atque
981 549 1019 606 ad
1033 549 1110 606 idem
1125 567 1201 606 sem·

203 646 287 717 8per
307 638 515 715 expectandum
539 639 670 716 paratior.
713 638 777 695 Hoc
799 639 845 696 ille
864 639 930 704 lilio,
945 637 998 696 sed
1020 646 1202 715 praeceptum

234 735 368 807 putemus
381 727 520 786 omnibus.
562 727 753 796 Quamobrem
767 727 797 785 id
811 727 927 804 quidem
940 746 998 784 uon
1011 727 1131 785 dubium
1145 735 1199 794 est,

234 817 302 894 quin
323 817 371 874 illa
392 816 559 894 benignitas,
577 835 643 893 quoe
663 823 775 873 constet
794 835 829 873 ex
849 834 938 893 opera
957 825 988 874 et
1006 816 1156 883 industria,
1170 825 1201 874 et

233 906 377 964 honestior
397 906 441 972 sit,
457 913 486 964 et
508 905 592 962 latius
614 911 766 981 pertentet
787 906 879 982 possit
899 905 1037 981 prodesse
1059 906 1198 982 pluribus.

202 1003 220 1056 a
235 995 446 1072 Nonnunquam
459 1003 554 1052 tamen
565 1001 609 1052 est
622 994 809 1072 largiendum,
820 1013 873 1051 nec
885 995 941 1051 hoc
954 994 1136 1072 benignitatis
1149 1015 1199 1073 ge-

233 1105 287 1144 nus
312 1085 424 1143 omnino
447 1083 655 1160 repudiandum
677 1089 730 1150 est,
751 1091 782 1140 et
804 1101 882 1160 saepe
906 1083 1014 1141 idoneis
1038 1084 1200 1142 hominibus

234 1173 426 1252 indigentibus
441 1172 477 1230 de
491 1193 521 1231 re
535 1172 663 1234 familiari
679 1171 914 1249 impertiendum:
928 1173 982 1256 sed
991 1173 1143 1250 diligenter
1156 1182 1199 1231 at·

183 1267 220 1322 10
233 1281 289 1340 que
303 1263 457 1321 moderate.
499 1263 582 1320 Multi
596 1262 669 1320 enim
686 1262 853 1339 patrimonia
866 1261 1029 1320 effuderunt
1041 1263 1201 1321 inconsulte

233 1351 389 1430 largleudo.
426 1351 499 1419 Quid
516 1359 611 1426 autem
625 1357 669 1408 est
682 1351 807 1418 stultius,
822 1369 916 1428 quam,
931 1351 1010 1427 quod
1023 1352 1145 1410 libenter
1157 1353 1200 1408 fa·

183 1447 218 1500 ll
234 1441 300 1508 cias
316 1459 422 1508 curare,
437 1449 470 1498 ut
489 1441 519 1498 id
538 1441 643 1498 diutius
662 1440 756 1498 lacere
770 1459 828 1497 non
846 1441 959 1517 possis?
999 1442 1101 1518 Atque
1114 1442 1201 1498 etiam

233 1539 391 1609 sequuntur
403 1530 580 1608 largitionem
595 1531 710 1606 rapinae.
751 1530 827 1587 (lum
844 1529 919 1586 enim
932 1529 1028 1586 dando
1040 1548 1126 1607 egere
1140 1549 1199 1588 coe·

182 1625 219 1678 12
234 1620 454 1698 peruut,a1ienis
469 1619 548 1678 bonis
562 1637 662 1676 manus
676 1619 777 1676 afferre
790 1626 938 1696 coguntur.
974 1619 1029 1686 Ita,
1040 1639 1109 1676 cum
1120 1621 1198 1688 beni*

177 1762 181 1770 .
233 1711 362 1768 volentiae
385 1709 584 1787 comparandas
612 1726 699 1766 causa
720 1709 838 1766 benefici
857 1727 921 1766 esse
936 1709 1033 1776 velint,
1047 1727 1106 1765 non
1119 1716 1201 1766 muta

235 1799 331 1858 studia
354 1806 543 1874 assequuntur
569 1816 676 1864 eorum,
701 1797 804 1873 quibus
827 1797 977 1865 dederunt,
1000 1805 1110 1874 quanta
1132 1798 1200 1856 odia

182 1893 219 1947 13
234 1907 339 1954 eorum,
355 1889 458 1963 quibus
479 1888 653 1946 ademerunt.
696 1887 888 1956 Quamobrem
907 1906 960 1945 nec
978 1888 1018 1945 ita
1037 1887 1199 1945 claudenda

233 1995 278 2034 res
299 1984 344 2033 est
363 1977 514 2043 familiaris,
530 1985 563 2034 ut
580 1994 644 2034 cam
663 1977 824 2053 benignitas
837 1976 947 2054 aperire
959 1996 1016 2034 non
1030 1977 1130 2053 possit,
1145 1997 1198 2036 nec

232 2065 272 2122 ita
286 2065 444 2132 reseranda,
460 2074 492 2123 ut
515 2073 612 2142 pateat
634 2067 781 2124 omnibus:
802 2066 905 2124 modus
925 2066 1102 2134 adhibeatur,
1117 2067 1199 2143 isque

182 2158 219 2213 14
233 2154 371 2212 reseratur
380 2154 417 2210 ad
431 2154 589 2213 facultates.
619 2155 742 2212 Omnino
751 2156 910 2213 meminisse
920 2157 1058 2214 debemus
1068 2156 1106 2223 id,
1118 2157 1198 2233 quod

232 2261 250 2299 a
270 2241 372 2300 uostris
392 2243 551 2302 bominibus
569 2244 725 2321 saepissime
743 2253 922 2321 murpatum
935 2246 995 2323 jam
1013 2246 1042 2303 in
1055 2246 1198 2323 proverbii

181 2338 219 2391 1⁶
233 2331 464 2390 cousuetudinem
473 2333 557 2400 venit,
568 2333 744 2410 largitionem
754 2334 875 2391 lundam
884 2354 940 2392 non
947 2335 1061 2393 habere.
1082 2335 1197 2394 Etenim

232 2421 295 2499 quis
308 2429 405 2499 potest
418 2422 520 2480 modus
533 2441 604 2491 esse,
616 2441 682 2480 cum
695 2430 726 2480 et
737 2422 814 2480 idem
824 2424 873 2500 qui
886 2432 1066 2492 consuerunt,
1077 2432 1107 2482 et
1119 2425 1197 2484 idem

231 2511 302 2571 illud
315 2511 361 2570 alii
374 2512 557 2571 desiderent?

270 2692 351 2756 XVI.
374 2692 494 2750 Omnino
513 2692 570 2750 dno
591 2697 657 2749 suat
679 2709 785 2769 genera
803 2691 957 2770 largorum,
971 2711 1093 2769 quorum
1113 2693 1195 2752 alteri

199 2779 353 2857 hprodigi,
362 2780 442 2838 alteri
450 2781 588 2840 liberales.
616 2780 1193 2860 Prodigiquiepulisetviscerationibus,

232 2875 262 2926 et
271 2869 462 2946 gladiatorum
471 2871 642 2936 mimeribus,
655 2870 788 2928 ludorum
796 2871 1033 2948 venationumque
1042 2879 1192 2949 apparatu,

232 2957 366 3033 pecumm
380 2957 558 3033 profundunt
572 2959 600 3016 in
613 2977 662 3018 eas
676 2979 731 3026 res,
745 2977 866 3036 quarum
879 2961 1047 3018 memoriam
1060 2968 1111 3018 aut
1128 2963 1192 3020 bre-

199 3050 217 3104 8
231 3063 297 3102 vem
310 3051 361 3102 aut
375 3047 481 3104 nullam
494 3049 606 3106 omnino
621 3049 678 3106 sint
690 3049 822 3127 relicturi.
864 3049 1008 3108 Liberales
1021 3057 1128 3118 autem,
1143 3050 1193 3127 qui

231 3133 289 3192 suis
302 3133 484 3196 facultatibus
500 3144 550 3194 aut
565 3145 664 3215 captos
682 3158 701 3196 a
720 3138 902 3215 praedonibus
919 3140 1071 3207 redimunt,
1088 3147 1140 3197 aut
1153 3159 1193 3198 aes

230 3221 353 3280 alienum
377 3225 533 3302 suscipiunt
561 3227 724 3294 amicorum,
745 3235 796 3286 aut
818 3228 848 3285 iu
868 3229 989 3287 filiarum
1008 3229 1192 3287 collocatione

230 3311 375 3390 adjuvant,
391 3320 441 3370 aut
460 3315 635 3391 opitulantur
654 3317 684 3374 in
705 3335 736 3374 re
752 3317 798 3374 vel
812 3318 975 3393 querenda,
989 3318 1034 3375 rel
1052 3319 1191 3396 augenda

197 3402 333 3478 tltaque
357 3401 450 3469 miror,
472 3403 539 3478 qnid
561 3403 590 3460 in
613 3412 739 3463 mentem
758 3407 866 3464 venerit
889 3407 1087 3483 Theophrasto
1109 3407 1138 3464 iu
1157 3426 1192 3464 eo

227 3490 309 3559 libro,
324 3510 409 3568 quem
424 3492 460 3549 de
475 3490 576 3550 divitiis
591 3492 721 3569 scripsit:
741 3495 770 3551 in
783 3514 842 3571 quo
855 3496 947 3554 mirlta
964 3496 1108 3572 praeolare,
1122 3496 1191 3554 illud

229 3580 360 3639 absurde.
400 3581 454 3639 Est
467 3581 540 3640 enim
553 3581 660 3638 multus
674 3582 703 3639 in
716 3583 861 3641 laudanda
877 3584 1085 3663 magnificentia
1098 3591 1129 3642 et
1141 3603 1190 3662 ap·

228 3670 373 3754 paratione
397 3671 576 3760 popularium
598 3689 763 3741 munerum:
784 3673 940 3749 taliumque
959 3680 1128 3750 sumptuum
1149 3673 1190 3730 ia·
