<?xml version="1.0" encoding="UTF-8"?>
<!DOCTYPE html PUBLIC "-//W3C//DTD XHTML 1.0 Transitional//EN"
    "http://www.w3.org/TR/xhtml1/DTD/xhtml1-transitional.dtd">
<html xmlns="http://www.w3.org/1999/xhtml" xml:lang="en" lang="en">
 <head>
  <title>
</title>
<meta http-equiv="Content-Type" content="text/html;charset=utf-8" />
  <meta name='ocr-system' content='tesseract 3.04.00' />
  <meta name='ocr-capabilities' content='ocr_page ocr_carea ocr_par ocr_line ocrx_word'/>
</head>
<body>
  <div class='ocr_page' id='page_1' title='image "./mtulliiciceroni02thacgoog_0129.png"; bbox 0 0 2692 4292; ppageno 0'>
   <div class='ocr_carea' id='block_1_1' title="bbox 406 271 1104 330">
    <p class='ocr_par' dir='ltr' id='par_1_1' title="bbox 406 271 1104 330">
     <span class='ocr_line' id='line_1_1' title="bbox 406 271 1104 330; baseline 0.007 -6"><span class='ocrx_word' id='word_1_1' title='bbox 406 287 492 326; x_wconf 81' lang='lat' dir='ltr'><strong>urnas</strong></span> <span class='ocrx_word' id='word_1_2' title='bbox 505 286 547 327; x_wconf 88' lang='lat'>111.</span> <span class='ocrx_word' id='word_1_3' title='bbox 589 285 656 328; x_wconf 79' lang='lat' dir='ltr'><strong>ose.</strong></span> <span class='ocrx_word' id='word_1_4' title='bbox 670 287 765 326; x_wconf 75' lang='lat' dir='ltr'><strong>urm.</strong></span> <span class='ocrx_word' id='word_1_5' title='bbox 1045 271 1104 330; x_wconf 75' lang='lat'><strong>115</strong></span> 
     </span>
    </p>
   </div>
   <div class='ocr_carea' id='block_1_2' title="bbox 76 413 1083 2168">
    <p class='ocr_par' dir='ltr' id='par_1_2' title="bbox 76 413 1083 1384">
     <span class='ocr_line' id='line_1_2' title="bbox 77 413 1050 494; baseline 0.002 -22"><span class='ocrx_word' id='word_1_6' title='bbox 77 413 122 472; x_wconf 90' lang='lat' dir='ltr'><strong>de</strong></span> <span class='ocrx_word' id='word_1_7' title='bbox 136 414 225 474; x_wconf 81' lang='lat' dir='ltr'>Ulixe</span> <span class='ocrx_word' id='word_1_8' title='bbox 238 413 317 474; x_wconf 87' lang='lat' dir='ltr'><strong>nulla</strong></span> <span class='ocrx_word' id='word_1_9' title='bbox 329 414 453 491; x_wconf 87' lang='lat' dir='ltr'><strong>suspicio</strong></span> <span class='ocrx_word' id='word_1_10' title='bbox 474 413 539 493; x_wconf 85' lang='lat' dir='ltr'><strong>est),</strong></span> <span class='ocrx_word' id='word_1_11' title='bbox 553 414 604 473; x_wconf 84' lang='lat' dir='ltr'><strong>sed</strong></span> <span class='ocrx_word' id='word_1_12' title='bbox 624 415 785 474; x_wconf 74' lang='lat' dir='ltr'><strong>insimulant</strong></span> <span class='ocrx_word' id='word_1_13' title='bbox 804 433 870 474; x_wconf 91' lang='lat' dir='ltr'><strong>eum</strong></span> <span class='ocrx_word' id='word_1_14' title='bbox 888 414 1050 494; x_wconf 66' lang='lat' dir='ltr'><strong>tragoedia</strong></span> 
     </span>
     <span class='ocr_line' id='line_1_3' title="bbox 77 503 1083 582; baseline 0.002 -20"><span class='ocrx_word' id='word_1_15' title='bbox 77 504 264 562; x_wconf 79' lang='lat' dir='ltr'>simulatione</span> <span class='ocrx_word' id='word_1_16' title='bbox 287 504 403 562; x_wconf 73' lang='lat' dir='ltr'><strong>insania</strong></span> <span class='ocrx_word' id='word_1_17' title='bbox 431 503 558 562; x_wconf 88' lang='lat' dir='ltr'><strong>militiam</strong></span> <span class='ocrx_word' id='word_1_18' title='bbox 585 505 784 582; x_wconf 75' lang='lat' dir='ltr'>subterfugere</span> <span class='ocrx_word' id='word_1_19' title='bbox 812 504 942 562; x_wconf 83' lang='lat' dir='ltr'><strong>voluisse.</strong></span> <span class='ocrx_word' id='word_1_20' title='bbox 982 505 1013 562; x_wconf 85' lang='lat' dir='ltr'>N</span> <span class='ocrx_word' id='word_1_21' title='bbox 1013 525 1050 563; x_wconf 91' lang='lat' dir='ltr'><strong>on</strong></span> <span class='ocrx_word' id='word_1_22' title='bbox 1064 511 1083 564; x_wconf 72' lang='lat'><strong><em>2</em></strong></span> 
     </span>
     <span class='ocr_line' id='line_1_4' title="bbox 76 593 1049 671; baseline 0 -19"><span class='ocrx_word' id='word_1_23' title='bbox 76 596 240 652; x_wconf 88' lang='lat' dir='ltr'><strong>honestum</strong></span> <span class='ocrx_word' id='word_1_24' title='bbox 264 594 417 652; x_wconf 86' lang='lat' dir='ltr'><strong>consilium.</strong></span> <span class='ocrx_word' id='word_1_25' title='bbox 458 594 502 650; x_wconf 86' lang='lat' dir='ltr'><strong>At</strong></span> <span class='ocrx_word' id='word_1_26' title='bbox 525 595 603 660; x_wconf 89' lang='lat' dir='ltr'><strong>utile,</strong></span> <span class='ocrx_word' id='word_1_27' title='bbox 624 603 657 652; x_wconf 92' lang='lat' dir='ltr'><strong>ut</strong></span> <span class='ocrx_word' id='word_1_28' title='bbox 676 595 777 671; x_wconf 87' lang='lat' dir='ltr'><strong>aliquis</strong></span> <span class='ocrx_word' id='word_1_29' title='bbox 797 595 917 652; x_wconf 82' lang='lat' dir='ltr'><strong>fortasse</strong></span> <span class='ocrx_word' id='word_1_30' title='bbox 936 593 1049 662; x_wconf 81' lang='lat' dir='ltr'>dixerit,</span> 
     </span>
     <span class='ocr_line' id='line_1_5' title="bbox 78 682 1048 762; baseline 0 -21"><span class='ocrx_word' id='word_1_31' title='bbox 78 702 207 762; x_wconf 86' lang='lat' dir='ltr'><strong>regnare</strong></span> <span class='ocrx_word' id='word_1_32' title='bbox 222 690 252 740; x_wconf 87' lang='lat' dir='ltr'><strong>ot</strong></span> <span class='ocrx_word' id='word_1_33' title='bbox 266 684 375 743; x_wconf 75' lang='lat' dir='ltr'><strong>Ithacae</strong></span> <span class='ocrx_word' id='word_1_34' title='bbox 389 683 481 740; x_wconf 84' lang='lat' dir='ltr'><strong>vivere</strong></span> <span class='ocrx_word' id='word_1_35' title='bbox 495 682 583 740; x_wconf 86' lang='lat' dir='ltr'><strong>otiose</strong></span> <span class='ocrx_word' id='word_1_36' title='bbox 604 703 670 740; x_wconf 91' lang='lat' dir='ltr'><strong>cum</strong></span> <span class='ocrx_word' id='word_1_37' title='bbox 685 684 856 760; x_wconf 88' lang='lat' dir='ltr'><strong>parentibus,</strong></span> <span class='ocrx_word' id='word_1_38' title='bbox 872 703 938 740; x_wconf 87' lang='lat' dir='ltr'><strong>oum</strong></span> <span class='ocrx_word' id='word_1_39' title='bbox 951 703 1048 752; x_wconf 83' lang='lat' dir='ltr'><strong>uxore,</strong></span> 
     </span>
     <span class='ocr_line' id='line_1_6' title="bbox 81 771 1049 850; baseline 0.001 -20"><span class='ocrx_word' id='word_1_40' title='bbox 81 793 152 830; x_wconf 87' lang='lat' dir='ltr'><strong>cum</strong></span> <span class='ocrx_word' id='word_1_41' title='bbox 166 773 232 830; x_wconf 90' lang='lat' dir='ltr'><strong>filio.</strong></span> <span class='ocrx_word' id='word_1_42' title='bbox 274 772 374 830; x_wconf 92' lang='lat' dir='ltr'><strong>Ullum</strong></span> <span class='ocrx_word' id='word_1_43' title='bbox 387 780 419 830; x_wconf 91' lang='lat' dir='ltr'><strong>tu</strong></span> <span class='ocrx_word' id='word_1_44' title='bbox 433 771 520 830; x_wconf 87' lang='lat' dir='ltr'><strong>decus</strong></span> <span class='ocrx_word' id='word_1_45' title='bbox 538 772 567 828; x_wconf 88' lang='lat' dir='ltr'><strong>in</strong></span> <span class='ocrx_word' id='word_1_46' title='bbox 580 773 750 848; x_wconf 77' lang='lat' dir='ltr'><strong>quotidianis</strong></span> <span class='ocrx_word' id='word_1_47' title='bbox 769 772 913 831; x_wconf 73' lang='lat' dir='ltr'><strong>laboribus</strong></span> <span class='ocrx_word' id='word_1_48' title='bbox 933 782 962 830; x_wconf 90' lang='lat' dir='ltr'><strong>et</strong></span> <span class='ocrx_word' id='word_1_49' title='bbox 976 773 1049 850; x_wconf 90' lang='lat' dir='ltr'><strong>peri·</strong></span> 
     </span>
     <span class='ocr_line' id='line_1_7' title="bbox 81 861 1081 939; baseline 0 -17"><span class='ocrx_word' id='word_1_50' title='bbox 81 863 157 922; x_wconf 87' lang='lat' dir='ltr'><strong>culis</strong></span> <span class='ocrx_word' id='word_1_51' title='bbox 172 862 306 920; x_wconf 82' lang='lat' dir='ltr'><strong>cumbae</strong></span> <span class='ocrx_word' id='word_1_52' title='bbox 321 861 521 937; x_wconf 73' lang='lat' dir='ltr'><strong>tranquillitate</strong></span> <span class='ocrx_word' id='word_1_53' title='bbox 536 861 738 918; x_wconf 76' lang='lat' dir='ltr'><strong>conferendum</strong></span> <span class='ocrx_word' id='word_1_54' title='bbox 759 862 866 939; x_wconf 76' lang='lat' dir='ltr'><strong>putas?</strong></span> <span class='ocrx_word' id='word_1_55' title='bbox 905 861 970 938; x_wconf 84' lang='lat' dir='ltr'><strong>Ego</strong></span> <span class='ocrx_word' id='word_1_56' title='bbox 983 869 1081 922; x_wconf 62' lang='lat' dir='ltr'><strong>vernt</strong></span> 
     </span>
     <span class='ocr_line' id='line_1_8' title="bbox 81 949 1050 1027; baseline -0.002 -17"><span class='ocrx_word' id='word_1_57' title='bbox 81 953 172 1010; x_wconf 69' lang='lat' dir='ltr'><strong>atam</strong></span> <span class='ocrx_word' id='word_1_58' title='bbox 184 950 419 1009; x_wconf 87' lang='lat' dir='ltr'><strong>contemnendam</strong></span> <span class='ocrx_word' id='word_1_59' title='bbox 432 957 461 1008; x_wconf 87' lang='lat' dir='ltr'><strong>et</strong></span> <span class='ocrx_word' id='word_1_60' title='bbox 474 949 679 1027; x_wconf 86' lang='lat' dir='ltr'><strong>abjiciendam:</strong></span> <span class='ocrx_word' id='word_1_61' title='bbox 701 951 841 1027; x_wconf 89' lang='lat' dir='ltr'><strong>quoniam,</strong></span> <span class='ocrx_word' id='word_1_62' title='bbox 852 969 918 1026; x_wconf 86' lang='lat' dir='ltr'><strong>quae</strong></span> <span class='ocrx_word' id='word_1_63' title='bbox 931 951 1050 1008; x_wconf 90' lang='lat' dir='ltr'><strong>honesta</strong></span> 
     </span>
     <span class='ocr_line' id='line_1_9' title="bbox 81 1039 1083 1115; baseline 0 -17"><span class='ocrx_word' id='word_1_64' title='bbox 81 1060 141 1098; x_wconf 90' lang='lat' dir='ltr'><strong>non</strong></span> <span class='ocrx_word' id='word_1_65' title='bbox 156 1041 202 1107; x_wconf 90' lang='lat' dir='ltr'><strong>sit,</strong></span> <span class='ocrx_word' id='word_1_66' title='bbox 217 1059 253 1096; x_wconf 89' lang='lat' dir='ltr'><strong>ue</strong></span> <span class='ocrx_word' id='word_1_67' title='bbox 266 1040 364 1096; x_wconf 88' lang='lat' dir='ltr'><strong>utilem</strong></span> <span class='ocrx_word' id='word_1_68' title='bbox 378 1039 492 1115; x_wconf 92' lang='lat' dir='ltr'><strong>quidem</strong></span> <span class='ocrx_word' id='word_1_69' title='bbox 506 1058 567 1096; x_wconf 87' lang='lat' dir='ltr'><strong>esse</strong></span> <span class='ocrx_word' id='word_1_70' title='bbox 588 1039 718 1098; x_wconf 87' lang='lat' dir='ltr'><strong>arbitror.</strong></span> <span class='ocrx_word' id='word_1_71' title='bbox 760 1039 835 1108; x_wconf 82' lang='lat' dir='ltr'><strong>Quid</strong></span> <span class='ocrx_word' id='word_1_72' title='bbox 849 1039 924 1096; x_wconf 89' lang='lat' dir='ltr'><strong>euim</strong></span> <span class='ocrx_word' id='word_1_73' title='bbox 937 1040 1049 1098; x_wconf 92' lang='lat' dir='ltr'><strong>auditu·</strong></span> <span class='ocrx_word' id='word_1_74' title='bbox 1063 1045 1083 1098; x_wconf 80' lang='lat'>4</span> 
     </span>
     <span class='ocr_line' id='line_1_10' title="bbox 80 1127 1048 1205; baseline 0.001 -19"><span class='ocrx_word' id='word_1_75' title='bbox 80 1150 151 1186; x_wconf 90' lang='lat' dir='ltr'><strong>rum</strong></span> <span class='ocrx_word' id='word_1_76' title='bbox 167 1136 253 1205; x_wconf 90' lang='lat' dir='ltr'><strong>putas</strong></span> <span class='ocrx_word' id='word_1_77' title='bbox 266 1128 352 1186; x_wconf 79' lang='lat' dir='ltr'><strong>luisse</strong></span> <span class='ocrx_word' id='word_1_78' title='bbox 366 1129 487 1197; x_wconf 79' lang='lat' dir='ltr'><strong>Ulixem,</strong></span> <span class='ocrx_word' id='word_1_79' title='bbox 502 1127 567 1186; x_wconf 90' lang='lat' dir='ltr'><strong>siin</strong></span> <span class='ocrx_word' id='word_1_80' title='bbox 586 1128 634 1186; x_wconf 89' lang='lat' dir='ltr'><strong>illa</strong></span> <span class='ocrx_word' id='word_1_81' title='bbox 653 1128 830 1187; x_wconf 84' lang='lat' dir='ltr'><strong>simulatione</strong></span> <span class='ocrx_word' id='word_1_82' title='bbox 843 1129 1048 1205; x_wconf 83' lang='lat' dir='ltr'><strong>perseveraris·</strong></span> 
     </span>
     <span class='ocr_line' id='line_1_11' title="bbox 81 1217 1048 1296; baseline 0 -20"><span class='ocrx_word' id='word_1_83' title='bbox 81 1219 155 1276; x_wconf 83' lang='lat' dir='ltr'><strong>set‘l</strong></span> <span class='ocrx_word' id='word_1_84' title='bbox 176 1217 225 1294; x_wconf 90' lang='lat' dir='ltr'><strong>qui</strong></span> <span class='ocrx_word' id='word_1_85' title='bbox 239 1237 305 1276; x_wconf 91' lang='lat' dir='ltr'><strong>cum</strong></span> <span class='ocrx_word' id='word_1_86' title='bbox 317 1217 454 1274; x_wconf 75' lang='lat' dir='ltr'><strong>mammas</strong></span> <span class='ocrx_word' id='word_1_87' title='bbox 468 1235 513 1274; x_wconf 88' lang='lat' dir='ltr'><strong>res</strong></span> <span class='ocrx_word' id='word_1_88' title='bbox 533 1219 652 1296; x_wconf 80' lang='lat' dir='ltr'><strong>gesserit</strong></span> <span class='ocrx_word' id='word_1_89' title='bbox 665 1217 695 1276; x_wconf 92' lang='lat' dir='ltr'><strong>in</strong></span> <span class='ocrx_word' id='word_1_90' title='bbox 707 1218 792 1285; x_wconf 88' lang='lat' dir='ltr'><strong>bello,</strong></span> <span class='ocrx_word' id='word_1_91' title='bbox 807 1226 903 1277; x_wconf 69' lang='lat' dir='ltr'><strong>mmen</strong></span> <span class='ocrx_word' id='word_1_92' title='bbox 915 1219 979 1278; x_wconf 78' lang='lat' dir='ltr'><strong>haec</strong></span> <span class='ocrx_word' id='word_1_93' title='bbox 998 1237 1048 1276; x_wconf 91' lang='lat' dir='ltr'><strong>au·</strong></span> 
     </span>
     <span class='ocr_line' id='line_1_12' title="bbox 81 1307 323 1384; baseline -0.012 -19"><span class='ocrx_word' id='word_1_94' title='bbox 81 1308 147 1365; x_wconf 86' lang='lat' dir='ltr'><strong>diat</strong></span> <span class='ocrx_word' id='word_1_95' title='bbox 161 1308 199 1364; x_wconf 92' lang='lat' dir='ltr'><strong>ab</strong></span> <span class='ocrx_word' id='word_1_96' title='bbox 213 1307 323 1384; x_wconf 84' lang='lat' dir='ltr'><strong>Ajace:</strong></span> 
     </span>
    </p>

    <p class='ocr_par' dir='ltr' id='par_1_3' title="bbox 252 1395 838 1470">
     <span class='ocr_line' id='line_1_13' title="bbox 252 1395 838 1470; baseline -0.002 -16"><span class='ocrx_word' id='word_1_97' title='bbox 252 1395 340 1470; x_wconf 75' lang='lat' dir='ltr'><strong>Cujus</strong></span> <span class='ocrx_word' id='word_1_98' title='bbox 352 1396 409 1469; x_wconf 84' lang='lat' dir='ltr'><strong>ipse</strong></span> <span class='ocrx_word' id='word_1_99' title='bbox 417 1396 548 1469; x_wconf 70' lang='lat' dir='ltr'><strong>princeps</strong></span> <span class='ocrx_word' id='word_1_100' title='bbox 553 1396 632 1469; x_wconf 84' lang='lat' dir='ltr'><strong>juris</strong></span> <span class='ocrx_word' id='word_1_101' title='bbox 637 1395 760 1469; x_wconf 80' lang='lat' dir='ltr'><strong>jurandi</strong></span> <span class='ocrx_word' id='word_1_102' title='bbox 764 1397 838 1470; x_wconf 79' lang='lat' dir='ltr'><strong>sitit,</strong></span> 
     </span>
    </p>

    <p class='ocr_par' dir='ltr' id='par_1_4' title="bbox 253 1485 861 1558">
     <span class='ocr_line' id='line_1_14' title="bbox 253 1485 861 1558; baseline 0.003 -16"><span class='ocrx_word' id='word_1_103' title='bbox 253 1485 335 1556; x_wconf 76' lang='lat' dir='ltr'><strong>Quod</strong></span> <span class='ocrx_word' id='word_1_104' title='bbox 348 1503 439 1542; x_wconf 84' lang='lat' dir='ltr'><strong>amaea</strong></span> <span class='ocrx_word' id='word_1_105' title='bbox 452 1486 534 1551; x_wconf 73' lang='lat' dir='ltr'><strong>scitia</strong></span> <span class='ocrx_word' id='word_1_106' title='bbox 549 1486 625 1542; x_wconf 82' lang='lat' dir='ltr'><strong>solas</strong></span> <span class='ocrx_word' id='word_1_107' title='bbox 637 1486 755 1557; x_wconf 66' lang='lat' dir='ltr'><strong>aequate</strong></span> <span class='ocrx_word' id='word_1_108' title='bbox 763 1485 861 1558; x_wconf 81' lang='lat' dir='ltr'><strong>fldem.</strong></span> 
     </span>
    </p>

    <p class='ocr_par' dir='ltr' id='par_1_5' title="bbox 247 1574 811 1641">
     <span class='ocr_line' id='line_1_15' title="bbox 247 1574 811 1641; baseline -0.005 -7"><span class='ocrx_word' id='word_1_109' title='bbox 247 1574 352 1634; x_wconf 77' lang='lat' dir='ltr'><strong>Furere</strong></span> <span class='ocrx_word' id='word_1_110' title='bbox 364 1575 536 1640; x_wconf 82' lang='lat' dir='ltr'><strong>assimulare,</strong></span> <span class='ocrx_word' id='word_1_111' title='bbox 550 1593 584 1632; x_wconf 84' lang='lat' dir='ltr'><strong>ae</strong></span> <span class='ocrx_word' id='word_1_112' title='bbox 597 1575 687 1641; x_wconf 83' lang='lat' dir='ltr'><strong>coiret,</strong></span> <span class='ocrx_word' id='word_1_113' title='bbox 701 1574 811 1632; x_wconf 78' lang='lat' dir='ltr'><strong>institit.</strong></span> 
     </span>
    </p>

    <p class='ocr_par' dir='ltr' id='par_1_6' title="bbox 253 1663 867 1736">
     <span class='ocr_line' id='line_1_16' title="bbox 253 1663 867 1736; baseline -0.003 -14"><span class='ocrx_word' id='word_1_114' title='bbox 253 1663 335 1736; x_wconf 76' lang='lat' dir='ltr'><strong>Quod</strong></span> <span class='ocrx_word' id='word_1_115' title='bbox 347 1665 378 1721; x_wconf 81' lang='lat' dir='ltr'><strong>ai</strong></span> <span class='ocrx_word' id='word_1_116' title='bbox 392 1663 555 1720; x_wconf 79' lang='lat' dir='ltr'><strong>Palamedis</strong></span> <span class='ocrx_word' id='word_1_117' title='bbox 560 1663 705 1736; x_wconf 77' lang='lat' dir='ltr'><strong>perspicue</strong></span> <span class='ocrx_word' id='word_1_118' title='bbox 712 1663 867 1736; x_wconf 76' lang='lat' dir='ltr'><strong>prudentia</strong></span> 
     </span>
    </p>

    <p class='ocr_par' dir='ltr' id='par_1_7' title="bbox 247 1753 837 1826">
     <span class='ocr_line' id='line_1_17' title="bbox 247 1753 837 1826; baseline -0.002 -15"><span class='ocrx_word' id='word_1_119' title='bbox 247 1753 338 1812; x_wconf 80' lang='lat' dir='ltr'><strong>Istius</strong></span> <span class='ocrx_word' id='word_1_120' title='bbox 346 1763 483 1826; x_wconf 76' lang='lat' dir='ltr'><strong>percepset</strong></span> <span class='ocrx_word' id='word_1_121' title='bbox 497 1755 666 1810; x_wconf 82' lang='lat' dir='ltr'><strong>malitiosum</strong></span> <span class='ocrx_word' id='word_1_122' title='bbox 680 1754 837 1821; x_wconf 79' lang='lat' dir='ltr'><strong>audaciam,</strong></span> 
     </span>
    </p>

    <p class='ocr_par' dir='ltr' id='par_1_8' title="bbox 82 1843 1082 2168">
     <span class='ocr_line' id='line_1_18' title="bbox 247 1843 773 1918; baseline 0 -18"><span class='ocrx_word' id='word_1_123' title='bbox 247 1843 319 1900; x_wconf 82' lang='lat' dir='ltr'><strong>Fide</strong></span> <span class='ocrx_word' id='word_1_124' title='bbox 331 1851 447 1900; x_wconf 79' lang='lat' dir='ltr'><strong>sucrutca</strong></span> <span class='ocrx_word' id='word_1_125' title='bbox 452 1844 505 1917; x_wconf 84' lang='lat' dir='ltr'><strong>jus</strong></span> <span class='ocrx_word' id='word_1_126' title='bbox 513 1851 645 1916; x_wconf 70' lang='lat' dir='ltr'><strong>perpetuo</strong></span> <span class='ocrx_word' id='word_1_127' title='bbox 650 1844 773 1918; x_wconf 75' lang='lat' dir='ltr'><strong>falleret.</strong></span> 
     </span>
     <span class='ocr_line' id='line_1_19' title="bbox 82 1931 1082 1999; baseline -0.001 -6"><span class='ocrx_word' id='word_1_128' title='bbox 82 1935 132 1994; x_wconf 83' lang='lat' dir='ltr'><strong>nli</strong></span> <span class='ocrx_word' id='word_1_129' title='bbox 147 1951 285 1991; x_wconf 86' lang='lat' dir='ltr'><strong>veronen</strong></span> <span class='ocrx_word' id='word_1_130' title='bbox 297 1932 384 1988; x_wconf 84' lang='lat' dir='ltr'><strong>modo</strong></span> <span class='ocrx_word' id='word_1_131' title='bbox 399 1952 464 1989; x_wconf 87' lang='lat' dir='ltr'><strong>oum</strong></span> <span class='ocrx_word' id='word_1_132' title='bbox 474 1931 612 1998; x_wconf 86' lang='lat' dir='ltr'><strong>hostibus,</strong></span> <span class='ocrx_word' id='word_1_133' title='bbox 622 1931 814 1991; x_wconf 85' lang='lat' dir='ltr'><strong>verumetiam</strong></span> <span class='ocrx_word' id='word_1_134' title='bbox 828 1949 894 1990; x_wconf 85' lang='lat' dir='ltr'><strong>cum</strong></span> <span class='ocrx_word' id='word_1_135' title='bbox 906 1931 1048 1999; x_wconf 85' lang='lat' dir='ltr'><strong>fluctibus,</strong></span> <span class='ocrx_word' id='word_1_136' title='bbox 1064 1942 1082 1992; x_wconf 85' lang='lat'><strong>5</strong></span> 
     </span>
     <span class='ocr_line' id='line_1_20' title="bbox 82 2019 1049 2099; baseline -0.002 -17"><span class='ocrx_word' id='word_1_137' title='bbox 82 2024 114 2082; x_wconf 89' lang='lat' dir='ltr'><strong>id</strong></span> <span class='ocrx_word' id='word_1_138' title='bbox 130 2022 209 2099; x_wconf 93' lang='lat' dir='ltr'><strong>quod</strong></span> <span class='ocrx_word' id='word_1_139' title='bbox 223 2021 299 2088; x_wconf 86' lang='lat' dir='ltr'><strong>fecit,</strong></span> <span class='ocrx_word' id='word_1_140' title='bbox 315 2021 447 2078; x_wconf 87' lang='lat' dir='ltr'><strong>dimicare</strong></span> <span class='ocrx_word' id='word_1_141' title='bbox 461 2020 561 2078; x_wconf 90' lang='lat' dir='ltr'><strong>melius</strong></span> <span class='ocrx_word' id='word_1_142' title='bbox 575 2020 637 2086; x_wconf 87' lang='lat' dir='ltr'><strong>fuit,</strong></span> <span class='ocrx_word' id='word_1_143' title='bbox 653 2039 741 2096; x_wconf 86' lang='lat' dir='ltr'><strong>quam</strong></span> <span class='ocrx_word' id='word_1_144' title='bbox 760 2019 890 2079; x_wconf 89' lang='lat' dir='ltr'><strong>deserere</strong></span> <span class='ocrx_word' id='word_1_145' title='bbox 911 2023 1049 2080; x_wconf 85' lang='lat' dir='ltr'><strong>consenti-</strong></span> 
     </span>
     <span class='ocr_line' id='line_1_21' title="bbox 84 2108 852 2168; baseline -0.003 0"><span class='ocrx_word' id='word_1_146' title='bbox 84 2119 184 2168; x_wconf 85' lang='lat' dir='ltr'><strong>entem</strong></span> <span class='ocrx_word' id='word_1_147' title='bbox 200 2110 341 2168; x_wconf 80' lang='lat' dir='ltr'><strong>Graeciam</strong></span> <span class='ocrx_word' id='word_1_148' title='bbox 355 2109 392 2166; x_wconf 87' lang='lat' dir='ltr'><strong>ad</strong></span> <span class='ocrx_word' id='word_1_149' title='bbox 406 2109 512 2168; x_wconf 90' lang='lat' dir='ltr'><strong>bellum</strong></span> <span class='ocrx_word' id='word_1_150' title='bbox 526 2109 653 2168; x_wconf 88' lang='lat' dir='ltr'><strong>barbaris</strong></span> <span class='ocrx_word' id='word_1_151' title='bbox 666 2108 852 2167; x_wconf 75' lang='lat' dir='ltr'><strong>inferendum.</strong></span> 
     </span>
    </p>
   </div>
   <div class='ocr_carea' id='block_1_3' title="bbox 84 2286 1083 3610">
    <p class='ocr_par' dir='ltr' id='par_1_9' title="bbox 84 2286 1083 3610">
     <span class='ocr_line' id='line_1_22' title="bbox 126 2286 1083 2355; baseline -0.002 -9"><span class='ocrx_word' id='word_1_152' title='bbox 126 2287 188 2346; x_wconf 84' lang='lat' dir='ltr'><strong>Sed</strong></span> <span class='ocrx_word' id='word_1_153' title='bbox 215 2287 380 2346; x_wconf 88' lang='lat' dir='ltr'><strong>omittamus</strong></span> <span class='ocrx_word' id='word_1_154' title='bbox 400 2293 429 2344; x_wconf 87' lang='lat' dir='ltr'><strong>et</strong></span> <span class='ocrx_word' id='word_1_155' title='bbox 455 2286 575 2355; x_wconf 84' lang='lat' dir='ltr'><strong>fabulas,</strong></span> <span class='ocrx_word' id='word_1_156' title='bbox 597 2293 627 2346; x_wconf 87' lang='lat' dir='ltr'><strong>et</strong></span> <span class='ocrx_word' id='word_1_157' title='bbox 653 2293 781 2344; x_wconf 84' lang='lat' dir='ltr'><strong>externa:</strong></span> <span class='ocrx_word' id='word_1_158' title='bbox 803 2286 839 2344; x_wconf 92' lang='lat' dir='ltr'><strong>ad</strong></span> <span class='ocrx_word' id='word_1_159' title='bbox 864 2306 925 2347; x_wconf 91' lang='lat' dir='ltr'><strong>rem</strong></span> <span class='ocrx_word' id='word_1_160' title='bbox 947 2288 1083 2346; x_wconf 79' lang='lat' dir='ltr'><strong>iactamtt</strong></span> 
     </span>
     <span class='ocr_line' id='line_1_23' title="bbox 84 2376 1082 2454; baseline -0.003 -17"><span class='ocrx_word' id='word_1_161' title='bbox 84 2386 272 2454; x_wconf 88' lang='lat' dir='ltr'><strong>nostramque</strong></span> <span class='ocrx_word' id='word_1_162' title='bbox 286 2377 438 2434; x_wconf 89' lang='lat' dir='ltr'><strong>veniamus.</strong></span> <span class='ocrx_word' id='word_1_163' title='bbox 480 2376 518 2433; x_wconf 92' lang='lat' dir='ltr'><strong>M.</strong></span> <span class='ocrx_word' id='word_1_164' title='bbox 537 2377 640 2434; x_wconf 85' lang='lat' dir='ltr'><strong>Atilius</strong></span> <span class='ocrx_word' id='word_1_165' title='bbox 661 2376 851 2452; x_wconf 83' lang='lat' dir='ltr'><strong>Regulus,</strong></span> <span class='ocrx_word' id='word_1_166' title='bbox 866 2395 931 2432; x_wconf 90' lang='lat' dir='ltr'><strong>cum</strong></span> <span class='ocrx_word' id='word_1_167' title='bbox 952 2377 1082 2434; x_wconf 71' lang='lat' dir='ltr'><strong>consuli</strong></span> 
     </span>
     <span class='ocr_line' id='line_1_24' title="bbox 84 2463 1051 2540; baseline -0.005 -15"><span class='ocrx_word' id='word_1_168' title='bbox 84 2469 190 2525; x_wconf 86' lang='lat' dir='ltr'><strong>iterum</strong></span> <span class='ocrx_word' id='word_1_169' title='bbox 206 2467 234 2522; x_wconf 91' lang='lat' dir='ltr'><strong>in</strong></span> <span class='ocrx_word' id='word_1_170' title='bbox 243 2465 343 2522; x_wconf 90' lang='lat' dir='ltr'><strong>Africa</strong></span> <span class='ocrx_word' id='word_1_171' title='bbox 353 2485 389 2522; x_wconf 83' lang='lat' dir='ltr'><strong>ex</strong></span> <span class='ocrx_word' id='word_1_172' title='bbox 402 2464 506 2522; x_wconf 88' lang='lat' dir='ltr'><strong>insidiis</strong></span> <span class='ocrx_word' id='word_1_173' title='bbox 521 2472 621 2540; x_wconf 87' lang='lat' dir='ltr'><strong>captus</strong></span> <span class='ocrx_word' id='word_1_174' title='bbox 636 2471 721 2528; x_wconf 88' lang='lat' dir='ltr'><strong>esset,</strong></span> <span class='ocrx_word' id='word_1_175' title='bbox 733 2463 806 2519; x_wconf 90' lang='lat' dir='ltr'><strong>duce</strong></span> <span class='ocrx_word' id='word_1_176' title='bbox 819 2463 984 2540; x_wconf 80' lang='lat' dir='ltr'><strong>Xanthippo</strong></span> <span class='ocrx_word' id='word_1_177' title='bbox 997 2464 1051 2520; x_wconf 88' lang='lat' dir='ltr'><strong>Le·</strong></span> 
     </span>
     <span class='ocr_line' id='line_1_25' title="bbox 86 2551 1050 2631; baseline -0.004 -17"><span class='ocrx_word' id='word_1_178' title='bbox 86 2555 271 2622; x_wconf 80' lang='lat' dir='ltr'><strong>cedaemonio,</strong></span> <span class='ocrx_word' id='word_1_179' title='bbox 294 2554 464 2631; x_wconf 86' lang='lat' dir='ltr'><strong>imperatore</strong></span> <span class='ocrx_word' id='word_1_180' title='bbox 484 2560 580 2611; x_wconf 91' lang='lat' dir='ltr'><strong>autem</strong></span> <span class='ocrx_word' id='word_1_181' title='bbox 599 2560 690 2629; x_wconf 82' lang='lat' dir='ltr'><strong>patre·</strong></span> <span class='ocrx_word' id='word_1_182' title='bbox 701 2551 867 2608; x_wconf 86' lang='lat' dir='ltr'><strong>Hannibalis</strong></span> <span class='ocrx_word' id='word_1_183' title='bbox 880 2551 1050 2619; x_wconf 80' lang='lat' dir='ltr'><strong>Hamilcare,</strong></span> 
     </span>
     <span class='ocr_line' id='line_1_26' title="bbox 84 2640 1052 2722; baseline -0.003 -20"><span class='ocrx_word' id='word_1_184' title='bbox 84 2647 200 2722; x_wconf 81' lang='lat' dir='ltr'><strong>juratus</strong></span> <span class='ocrx_word' id='word_1_185' title='bbox 214 2644 317 2700; x_wconf 89' lang='lat' dir='ltr'><strong>missus</strong></span> <span class='ocrx_word' id='word_1_186' title='bbox 330 2649 374 2700; x_wconf 90' lang='lat' dir='ltr'><strong>est</strong></span> <span class='ocrx_word' id='word_1_187' title='bbox 388 2643 425 2700; x_wconf 89' lang='lat' dir='ltr'><strong>ad</strong></span> <span class='ocrx_word' id='word_1_188' title='bbox 445 2649 583 2708; x_wconf 90' lang='lat' dir='ltr'><strong>senatum,</strong></span> <span class='ocrx_word' id='word_1_189' title='bbox 599 2650 639 2709; x_wconf 90' lang='lat' dir='ltr'><strong>ut,</strong></span> <span class='ocrx_word' id='word_1_190' title='bbox 654 2640 707 2698; x_wconf 88' lang='lat' dir='ltr'><strong>nisi</strong></span> <span class='ocrx_word' id='word_1_191' title='bbox 726 2640 829 2697; x_wconf 83' lang='lat' dir='ltr'><strong>redditi</strong></span> <span class='ocrx_word' id='word_1_192' title='bbox 848 2649 943 2699; x_wconf 88' lang='lat' dir='ltr'><strong>essent</strong></span> <span class='ocrx_word' id='word_1_193' title='bbox 955 2642 1052 2699; x_wconf 86' lang='lat' dir='ltr'><strong>Poenis</strong></span> 
     </span>
     <span class='ocr_line' id='line_1_27' title="bbox 86 2730 1083 2810; baseline -0.002 -18"><span class='ocrx_word' id='word_1_194' title='bbox 86 2733 194 2810; x_wconf 88' lang='lat' dir='ltr'><strong>captivi</strong></span> <span class='ocrx_word' id='word_1_195' title='bbox 207 2732 315 2790; x_wconf 85' lang='lat' dir='ltr'><strong>nobiles</strong></span> <span class='ocrx_word' id='word_1_196' title='bbox 335 2731 459 2808; x_wconf 90' lang='lat' dir='ltr'><strong>quidam,</strong></span> <span class='ocrx_word' id='word_1_197' title='bbox 481 2731 586 2789; x_wconf 87' lang='lat' dir='ltr'><strong>rediret</strong></span> <span class='ocrx_word' id='word_1_198' title='bbox 605 2731 667 2808; x_wconf 89' lang='lat' dir='ltr'><strong>ipse</strong></span> <span class='ocrx_word' id='word_1_199' title='bbox 685 2730 900 2807; x_wconf 83' lang='lat' dir='ltr'><strong>Karthaginem.</strong></span> <span class='ocrx_word' id='word_1_200' title='bbox 941 2733 971 2788; x_wconf 88' lang='lat' dir='ltr'><strong>Is</strong></span> <span class='ocrx_word' id='word_1_201' title='bbox 985 2739 1083 2790; x_wconf 84' lang='lat' dir='ltr'><strong>cumtt</strong></span> 
     </span>
     <span class='ocr_line' id='line_1_28' title="bbox 86 2818 1053 2896; baseline -0.003 -14"><span class='ocrx_word' id='word_1_202' title='bbox 86 2824 210 2882; x_wconf 81' lang='lat' dir='ltr'><strong>Romam</strong></span> <span class='ocrx_word' id='word_1_203' title='bbox 224 2821 354 2887; x_wconf 87' lang='lat' dir='ltr'><strong>venisset,</strong></span> <span class='ocrx_word' id='word_1_204' title='bbox 374 2821 503 2878; x_wconf 88' lang='lat' dir='ltr'><strong>utilitatis</strong></span> <span class='ocrx_word' id='word_1_205' title='bbox 523 2821 647 2896; x_wconf 89' lang='lat' dir='ltr'><strong>speciem</strong></span> <span class='ocrx_word' id='word_1_206' title='bbox 667 2819 789 2886; x_wconf 88' lang='lat' dir='ltr'><strong>videbat,</strong></span> <span class='ocrx_word' id='word_1_207' title='bbox 805 2818 940 2888; x_wconf 86' lang='lat' dir='ltr'><strong>sedeam,</strong></span> <span class='ocrx_word' id='word_1_208' title='bbox 955 2827 989 2878; x_wconf 92' lang='lat' dir='ltr'><strong>ut</strong></span> <span class='ocrx_word' id='word_1_209' title='bbox 1007 2840 1053 2880; x_wconf 90' lang='lat' dir='ltr'><strong>res</strong></span> 
     </span>
     <span class='ocr_line' id='line_1_29' title="bbox 87 2908 1051 2987; baseline -0.003 -18"><span class='ocrx_word' id='word_1_210' title='bbox 87 2912 223 2978; x_wconf 81' lang='lat' dir='ltr'><strong>declarat,</strong></span> <span class='ocrx_word' id='word_1_211' title='bbox 238 2911 339 2967; x_wconf 82' lang='lat' dir='ltr'><strong>falsam</strong></span> <span class='ocrx_word' id='word_1_212' title='bbox 350 2909 506 2985; x_wconf 86' lang='lat' dir='ltr'><strong>judicavit:</strong></span> <span class='ocrx_word' id='word_1_213' title='bbox 528 2927 593 2985; x_wconf 84' lang='lat' dir='ltr'><strong>quae</strong></span> <span class='ocrx_word' id='word_1_214' title='bbox 603 2915 664 2966; x_wconf 87' lang='lat' dir='ltr'><strong>erat</strong></span> <span class='ocrx_word' id='word_1_215' title='bbox 677 2908 760 2966; x_wconf 90' lang='lat' dir='ltr'><strong>talis:</strong></span> <span class='ocrx_word' id='word_1_216' title='bbox 781 2927 895 2966; x_wconf 88' lang='lat' dir='ltr'><strong>manere</strong></span> <span class='ocrx_word' id='word_1_217' title='bbox 908 2910 937 2966; x_wconf 91' lang='lat' dir='ltr'><strong>iu</strong></span> <span class='ocrx_word' id='word_1_218' title='bbox 950 2911 1051 2987; x_wconf 80' lang='lat' dir='ltr'><strong>patria,</strong></span> 
     </span>
     <span class='ocr_line' id='line_1_30' title="bbox 86 2997 1052 3072; baseline 0 -12"><span class='ocrx_word' id='word_1_219' title='bbox 86 3019 149 3060; x_wconf 85' lang='lat' dir='ltr'><strong>esse</strong></span> <span class='ocrx_word' id='word_1_220' title='bbox 164 2999 243 3058; x_wconf 90' lang='lat' dir='ltr'><strong>domi</strong></span> <span class='ocrx_word' id='word_1_221' title='bbox 263 3017 322 3056; x_wconf 85' lang='lat' dir='ltr'><strong>suae</strong></span> <span class='ocrx_word' id='word_1_222' title='bbox 339 3017 405 3056; x_wconf 89' lang='lat' dir='ltr'><strong>cum</strong></span> <span class='ocrx_word' id='word_1_223' title='bbox 425 3017 521 3064; x_wconf 84' lang='lat' dir='ltr'><strong>uxore,</strong></span> <span class='ocrx_word' id='word_1_224' title='bbox 537 3015 602 3056; x_wconf 88' lang='lat' dir='ltr'><strong>oum</strong></span> <span class='ocrx_word' id='word_1_225' title='bbox 622 2997 735 3063; x_wconf 88' lang='lat' dir='ltr'><strong>liberis;</strong></span> <span class='ocrx_word' id='word_1_226' title='bbox 756 3015 842 3072; x_wconf 88' lang='lat' dir='ltr'><strong>quam</strong></span> <span class='ocrx_word' id='word_1_227' title='bbox 863 2998 1052 3060; x_wconf 80' lang='lat' dir='ltr'><strong>calamitatem</strong></span> 
     </span>
     <span class='ocr_line' id='line_1_31' title="bbox 87 3086 1051 3166; baseline -0.002 -18"><span class='ocrx_word' id='word_1_228' title='bbox 87 3089 247 3166; x_wconf 80' lang='lat' dir='ltr'><strong>accepisset</strong></span> <span class='ocrx_word' id='word_1_229' title='bbox 261 3088 289 3144; x_wconf 90' lang='lat' dir='ltr'><strong>in</strong></span> <span class='ocrx_word' id='word_1_230' title='bbox 302 3087 385 3154; x_wconf 90' lang='lat' dir='ltr'><strong>bello,</strong></span> <span class='ocrx_word' id='word_1_231' title='bbox 401 3105 579 3144; x_wconf 90' lang='lat' dir='ltr'><strong>communem</strong></span> <span class='ocrx_word' id='word_1_232' title='bbox 592 3087 715 3144; x_wconf 72' lang='lat' dir='ltr'><strong>fortunae</strong></span> <span class='ocrx_word' id='word_1_233' title='bbox 735 3086 846 3144; x_wconf 73' lang='lat' dir='ltr'><strong>bellicae</strong></span> <span class='ocrx_word' id='word_1_234' title='bbox 866 3087 1051 3164; x_wconf 89' lang='lat' dir='ltr'><strong>judicantem,</strong></span> 
     </span>
     <span class='ocr_line' id='line_1_32' title="bbox 86 3171 1051 3255; baseline -0.003 -17"><span class='ocrx_word' id='word_1_235' title='bbox 86 3187 185 3238; x_wconf 83' lang='lat' dir='ltr'><strong>tenere</strong></span> <span class='ocrx_word' id='word_1_236' title='bbox 206 3176 362 3252; x_wconf 86' lang='lat' dir='ltr'><strong>consularis</strong></span> <span class='ocrx_word' id='word_1_237' title='bbox 385 3175 528 3254; x_wconf 85' lang='lat' dir='ltr'><strong>dignitatis</strong></span> <span class='ocrx_word' id='word_1_238' title='bbox 549 3175 679 3252; x_wconf 84' lang='lat' dir='ltr'><strong>gradum.</strong></span> <span class='ocrx_word' id='word_1_239' title='bbox 722 3175 793 3244; x_wconf 77' lang='lat' dir='ltr'><strong>Quis</strong></span> <span class='ocrx_word' id='word_1_240' title='bbox 807 3171 869 3233; x_wconf 76' lang='lat' dir='ltr'><strong>haec</strong></span> <span class='ocrx_word' id='word_1_241' title='bbox 888 3185 975 3255; x_wconf 91' lang='lat' dir='ltr'><strong>neget</strong></span> <span class='ocrx_word' id='word_1_242' title='bbox 988 3197 1051 3235; x_wconf 88' lang='lat' dir='ltr'><strong>esse</strong></span> 
     </span>
     <span class='ocr_line' id='line_1_33' title="bbox 87 3263 1051 3342; baseline -0.001 -17"><span class='ocrx_word' id='word_1_243' title='bbox 87 3268 190 3326; x_wconf 75' lang='lat' dir='ltr'><strong>utilia?</strong></span> <span class='ocrx_word' id='word_1_244' title='bbox 222 3267 315 3334; x_wconf 78' lang='lat' dir='ltr'><strong>Quem</strong></span> <span class='ocrx_word' id='word_1_245' title='bbox 330 3265 449 3322; x_wconf 72' lang='lat' dir='ltr'><strong>censes?</strong></span> <span class='ocrx_word' id='word_1_246' title='bbox 477 3263 646 3342; x_wconf 84' lang='lat' dir='ltr'><strong>Magnitudo</strong></span> <span class='ocrx_word' id='word_1_247' title='bbox 660 3264 744 3322; x_wconf 88' lang='lat' dir='ltr'><strong>animi</strong></span> <span class='ocrx_word' id='word_1_248' title='bbox 758 3272 789 3321; x_wconf 91' lang='lat' dir='ltr'><strong>et</strong></span> <span class='ocrx_word' id='word_1_249' title='bbox 805 3265 943 3325; x_wconf 84' lang='lat' dir='ltr'><strong>fortitudo</strong></span> <span class='ocrx_word' id='word_1_250' title='bbox 956 3273 1051 3342; x_wconf 86' lang='lat' dir='ltr'><strong>negat.</strong></span> 
     </span>
     <span class='ocr_line' id='line_1_34' title="bbox 86 3353 1053 3432; baseline -0.007 -15"><span class='ocrx_word' id='word_1_251' title='bbox 86 3356 212 3417; x_wconf 87' lang='lat' dir='ltr'>XXVII.</span> <span class='ocrx_word' id='word_1_252' title='bbox 235 3354 313 3410; x_wconf 88' lang='lat' dir='ltr'><strong>Num</strong></span> <span class='ocrx_word' id='word_1_253' title='bbox 327 3353 525 3429; x_wconf 86' lang='lat' dir='ltr'><strong>locupletiores</strong></span> <span class='ocrx_word' id='word_1_254' title='bbox 539 3354 641 3430; x_wconf 84' lang='lat' dir='ltr'><strong>quaeris</strong></span> <span class='ocrx_word' id='word_1_255' title='bbox 660 3355 821 3432; x_wconf 73' lang='lat' dir='ltr'><strong>auctores?¹</strong></span> <span class='ocrx_word' id='word_1_256' title='bbox 855 3354 965 3412; x_wconf 90' lang='lat' dir='ltr'><strong>Harum</strong></span> <span class='ocrx_word' id='word_1_257' title='bbox 978 3354 1053 3410; x_wconf 90' lang='lat' dir='ltr'><strong>enim</strong></span> 
     </span>
     <span class='ocr_line' id='line_1_35' title="bbox 86 3442 1054 3519; baseline -0.008 -16"><span class='ocrx_word' id='word_1_258' title='bbox 86 3454 130 3504; x_wconf 89' lang='lat' dir='ltr'><strong>est</strong></span> <span class='ocrx_word' id='word_1_259' title='bbox 157 3445 296 3501; x_wconf 83' lang='lat' dir='ltr'><strong>virtutum</strong></span> <span class='ocrx_word' id='word_1_260' title='bbox 324 3443 478 3519; x_wconf 90' lang='lat' dir='ltr'><strong>proprium,</strong></span> <span class='ocrx_word' id='word_1_261' title='bbox 500 3443 567 3500; x_wconf 90' lang='lat' dir='ltr'><strong>nihil</strong></span> <span class='ocrx_word' id='word_1_262' title='bbox 595 3443 786 3510; x_wconf 84' lang='lat' dir='ltr'><strong>extimescere,</strong></span> <span class='ocrx_word' id='word_1_263' title='bbox 812 3443 904 3499; x_wconf 89' lang='lat' dir='ltr'><strong>omnia</strong></span> <span class='ocrx_word' id='word_1_264' title='bbox 930 3442 1054 3496; x_wconf 88' lang='lat' dir='ltr'><strong>humana</strong></span> 
     </span>
     <span class='ocr_line' id='line_1_36' title="bbox 87 3528 1053 3610; baseline -0.008 -19"><span class='ocrx_word' id='word_1_265' title='bbox 87 3533 244 3610; x_wconf 87' lang='lat' dir='ltr'><strong>despicere,</strong></span> <span class='ocrx_word' id='word_1_266' title='bbox 259 3530 336 3598; x_wconf 90' lang='lat' dir='ltr'><strong>nihil,</strong></span> <span class='ocrx_word' id='word_1_267' title='bbox 352 3531 430 3608; x_wconf 88' lang='lat' dir='ltr'><strong>quod</strong></span> <span class='ocrx_word' id='word_1_268' title='bbox 442 3533 556 3600; x_wconf 84' lang='lat' dir='ltr'><strong>¹bomini</strong></span> <span class='ocrx_word' id='word_1_269' title='bbox 577 3531 705 3588; x_wconf 89' lang='lat' dir='ltr'><strong>accidere</strong></span> <span class='ocrx_word' id='word_1_270' title='bbox 723 3531 821 3608; x_wconf 85' lang='lat' dir='ltr'><strong>possit,</strong></span> <span class='ocrx_word' id='word_1_271' title='bbox 841 3528 1053 3585; x_wconf 87' lang='lat' dir='ltr'><strong>intolerandum</strong></span> 
     </span>
    </p>
   </div>
   <div class='ocr_carea' id='block_1_4' title="bbox 87 3616 1181 3704">
    <p class='ocr_par' dir='ltr' id='par_1_10' title="bbox 87 3616 1181 3704">
     <span class='ocr_line' id='line_1_37' title="bbox 87 3616 1181 3704; baseline -0.007 -23"><span class='ocrx_word' id='word_1_272' title='bbox 87 3630 198 3704; x_wconf 86' lang='lat' dir='ltr'><strong>putare.</strong></span> <span class='ocrx_word' id='word_1_273' title='bbox 240 3621 344 3702; x_wconf 78' lang='lat' dir='ltr'><strong>ltaque</strong></span> <span class='ocrx_word' id='word_1_274' title='bbox 368 3620 436 3698; x_wconf 90' lang='lat' dir='ltr'><strong>quid</strong></span> <span class='ocrx_word' id='word_1_275' title='bbox 463 3621 552 3678; x_wconf 72' lang='lat' dir='ltr'><strong>fecit?</strong></span> <span class='ocrx_word' id='word_1_276' title='bbox 594 3621 629 3676; x_wconf 92' lang='lat' dir='ltr'><strong>In</strong></span> <span class='ocrx_word' id='word_1_277' title='bbox 656 3627 787 3678; x_wconf 85' lang='lat' dir='ltr'><strong>senatum</strong></span> <span class='ocrx_word' id='word_1_278' title='bbox 812 3616 1085 3685; x_wconf 60' lang='lat' dir='ltr'><strong>reclamandam</strong></span> <span class='ocrx_word' id='word_1_279' title='bbox 1179 3624 1181 3629; x_wconf 87' lang='lat'>&#39;</span> 
     </span>
    </p>
   </div>
   <div class='ocr_carea' id='block_1_5' title="bbox 0 0 1359 4292">
    <p class='ocr_par' dir='ltr' id='par_1_11' title="bbox 0 0 1359 4292">
     <span class='ocr_line' id='line_1_38' title="bbox 0 0 1359 4292; baseline 0 0"><span class='ocrx_word' id='word_1_280' title='bbox 0 0 1359 4292; x_wconf 95' lang='lat' dir='ltr'><strong> </strong></span> 
     </span>
    </p>
   </div>
  </div>
 </body>
</html>
