2692 4292
183 287 221 352 it
603 308 642 348 ns
656 307 784 350 ors-rens

233 437 296 496 uon‘
322 456 434 496 summo
459 455 552 514 nuper
579 445 677 494 nostro
704 438 801 496 Miloni
827 438 891 506 fuit,
917 437 967 514 qui
993 437 1205 515 gladiatoribus

235 528 338 605 emptis
360 528 401 585 rei
425 527 548 604 publica
568 545 662 595 eausa,
678 545 745 605 quar
765 529 859 584 salute
877 535 974 584 nostra
993 528 1204 596 continebatur,

203 624 221 676 t
236 637 333 675 omnes
343 617 376 675 P.
389 617 481 676 clodii
496 625 613 674 conatus
627 618 793 693 furoresque
802 618 980 692 compressit.
1008 618 1105 674 Causa
1114 617 1205 694 igitur

235 706 389 784 largitionis
404 714 456 773 est,
478 706 501 763 si
521 713 572 764 aut
591 725 707 764 necesse
731 713 785 774 est,
805 714 856 763 ant
875 706 954 764 utile.
996 706 1033 763 In
1046 707 1205 764 bisantem

117 843 122 854 .
203 795 303 873 dipsis
317 795 516 854 mediocritatis
531 796 630 872 regula
644 795 752 872 optima
765 802 817 854 est
857 795 891 853 L.
906 795 1024 871 quidem
1037 796 1203 872 Philippus,
1327 860 1328 875 χ

235 885 269 954 Q.
285 886 328 953 F„
342 903 447 963 magno
461 885 503 942 vir
522 885 633 961 ingenio
653 885 682 942 in
702 884 856 962 primisque
876 885 978 952 clarus,
993 885 1108 962 gloriari
1128 885 1203 942 sole·

232 974 295 1043 bat,
316 993 347 1033 se
367 975 426 1033 sine
446 975 505 1032 ullo
524 993 640 1032 munere
660 973 799 1052 adeptum
818 991 881 1032 csse
900 975 1003 1042 omnia,
1024 993 1091 1050 quur
1114 974 1202 1032 habe

203 1062 333 1123 'Irentur
346 1063 526 1140 amplissima.
561 1063 683 1122 Dicebat
695 1062 772 1122 idem
786 1064 882 1131 Cotta,
894 1063 992 1122 Curio.
1026 1063 1117 1121 Nobis
1130 1083 1202 1140 quo·

235 1172 291 1230 qne
304 1153 370 1211 licet
383 1153 411 1210 in
424 1154 478 1210 hoc
492 1151 617 1230 quodam
635 1152 721 1210 modo
740 1152 862 1230 gloriari.
904 1153 982 1210 Nam
998 1172 1052 1229 pro
1064 1153 1201 1230 amplitu-

235 1243 300 1300 dine
321 1243 467 1309 honnrnm,
482 1260 554 1318 quos
574 1242 683 1301 cunctis
703 1242 845 1320 suffrngiis
863 1241 962 1320 adepti
981 1261 1082 1300 sumus
1103 1249 1203 1300 nostro

234 1331 349 1408 quidem
371 1350 452 1398 anuo,
468 1331 545 1408 quod
566 1331 687 1409 contigit
706 1349 805 1388 eorum
824 1331 937 1397 nemini,
951 1351 1025 1408 quos
1044 1331 1132 1389 modo
1151 1350 1202 1390 uo·

204 1421 347 1488 Bminavi,
363 1439 430 1478 sane
451 1420 570 1499 exiguus
591 1428 724 1498 sumptus
741 1420 882 1478 aedilitatis
897 1419 959 1478 fuit.
1001 1420 1101 1496 Atque
1114 1421 1201 1478 etiam

234 1511 291 1572 illoe
310 1511 446 1589 impensae
465 1510 601 1577 meliores,
618 1509 701 1577 muri,
720 1509 839 1576 navalia,
854 1517 962 1587 portus,
977 1527 1116 1586 equarum
1130 1510 1201 1568 duc·
1327 1552 1328 1563 ,

202 1605 221 1660 9
235 1607 291 1668 tus,
306 1599 464 1676 omniaque,
479 1617 544 1676 quae
558 1598 595 1656 ad
609 1618 694 1657 usum
705 1599 747 1657 rei
766 1599 889 1676 publicar
902 1599 1051 1678 pertinent.
1093 1600 1200 1668 Quam·

235 1709 330 1768 quam,
345 1690 422 1767 quod
444 1707 568 1767 presens
588 1695 737 1766 tamquam
754 1689 784 1746 in
802 1707 919 1746 manum
938 1687 1033 1755 datur,
1044 1689 1202 1766 jucundius

184 1784 297 1838 locst:
325 1786 420 1836 tamen
440 1780 501 1835 haeo
521 1777 550 1836 in
574 1785 723 1856 posterum
742 1777 874 1856 gratiora
914 1777 1046 1845 Theatra,
1065 1778 1201 1856 porticus,

236 1886 309 1926 nora
329 1867 446 1943 templa,
462 1867 649 1926 verecundius
668 1866 856 1943 reprehendo,
875 1873 995 1944 propter
1012 1868 1201 1944 Pompeium:

237 1956 288 2014 sed
309 1955 463 2014 doctissimi
483 1975 540 2014 non
560 1958 691 2032 probant,
704 1961 738 2013 nt
756 1962 786 2014 et
806 1955 852 2012 hic
870 1955 931 2031 ipse
944 1956 1099 2023 Panaetius,
1113 1975 1201 2033 quem
1327 2014 1328 2021 ,

239 2045 360 2102 multum
385 2045 413 2101 in
437 2045 480 2102 his
504 2045 581 2103 libris
605 2053 721 2104 secutus
744 2063 818 2112 sum,
842 2063 899 2102 non
921 2045 1142 2121 interpretatus;
1172 2053 1202 2103 et

184 2139 220 2194 11
235 2134 390 2192 Phalereus
413 2133 583 2202 Demetrius,
602 2135 652 2211 qui
671 2134 820 2201 Periclem,
841 2134 996 2211 principem
1018 2136 1147 2202 Graeciae,
1161 2135 1201 2194 vi·

235 2231 359 2300 tuperat,
378 2222 456 2300 quod
476 2230 585 2282 tantam
607 2224 757 2301 pecuniam
780 2223 810 2280 in
830 2224 967 2300 proeclara
986 2221 1035 2281 illa
1053 2225 1202 2301 propylaea

236 2313 396 2390 conjecerit.
438 2312 497 2372 Sed
511 2313 547 2370 dc
561 2313 616 2371 hoc
635 2331 740 2390 genere
760 2319 831 2378 toto,
844 2312 874 2368 in
886 2312 919 2369 iis
932 2311 1019 2379 libris,
1033 2333 1106 2390 qnos
1121 2314 1158 2371 de
1171 2331 1201 2370 re

185 2407 221 2462 12
237 2403 351 2480 publica
371 2403 479 2480 scripsi,
494 2403 645 2480 diligenter
659 2409 705 2460 est
718 2401 905 2479 disputatum.
946 2402 1018 2458 Tota
1031 2402 1118 2480 igitur
1130 2402 1226 2460 ratio·
1327 2398 1328 2405 '

239 2493 337 2550 talium
350 2493 529 2571 largitionum
543 2510 647 2570 genere
657 2491 757 2548 vitiosa
769 2497 822 2557 est,
834 2489 1011 2566 temporibus
1024 2492 1199 2559 necessaria;

236 2590 266 2640 et
279 2590 341 2640 tum
355 2583 448 2658 ipsum
459 2589 489 2638 et
499 2581 537 2640 ad
551 2581 702 2638 facultates
711 2579 954 2637 accommodanda
963 2586 994 2636 et
1006 2580 1201 2639 mediocritate

235 2671 412 2729 moderanda
426 2677 478 2730 est.

275 2847 389 2906 XVIII.
411 2847 446 2904 In
459 2847 507 2906 illo
521 2854 618 2906 antem
632 2847 723 2906 altero
736 2863 840 2925 genere
853 2845 1000 2923 largiendi,
1011 2847 1090 2923 quod
1102 2867 1121 2905 a
1134 2849 1200 2906 libe·

237 2937 348 2994 ralitste
376 2937 571 3013 proficiscitur,
597 2957 653 2994 non
680 2955 738 2995 uuo
760 2935 847 2994 modo
873 2935 902 2992 in
926 2935 1087 3012 disparibus
1111 2938 1201 2995 causis

207 3033 224 3084 2
241 3025 336 3083 affecti
359 3045 420 3084 esse
440 3026 586 3084 debemus.
629 3027 697 3084 Alia
716 3043 803 3084 causa
821 3031 866 3082 est
884 3024 957 3101 ejus,
972 3025 1021 3101 qui
1042 3024 1201 3084 calamitate

238 3115 383 3194 premitur,
399 3122 427 3173 et
447 3117 582 3193 ejusqui
602 3135 647 3174 res
667 3117 797 3174 meliores
817 3114 926 3189 querit,
942 3113 1028 3171 nullis
1046 3115 1105 3172 suis
1117 3117 1201 3172 rebus

205 3212 223 3264 8
238 3204 371 3262 adversis.
412 3205 582 3282 Propensior
595 3206 754 3282 benignitas
768 3222 830 3262 esse
841 3203 957 3260 debebit
973 3204 1001 3260 in
1015 3205 1200 3272 calamitosos,

237 3293 290 3352 nisi
303 3293 377 3350 forte
390 3301 473 3350 erunt
486 3293 564 3371 digni
578 3295 745 3352 calamitate.
786 3294 822 3351 ln
841 3291 875 3348 iis
895 3298 998 3358 tamen,
1015 3293 1062 3368 qui
1076 3312 1108 3350 se
1122 3293 1201 3370 adju·

237 3384 297 3441 vari
307 3383 409 3448 volent,
421 3401 478 3439 non
488 3401 523 3438 ne
537 3383 706 3459 affligentur,
717 3383 769 3440 sed
784 3390 816 3439 nt
828 3381 958 3438 altiorem
971 3382 1094 3458 gradum
1108 3402 1202 3440 ascen-

238 3473 317 3540 dant,
330 3473 450 3530 restricti
465 3471 576 3529 omnino
591 3489 653 3528 esse
666 3471 745 3528 nullo
758 3471 844 3528 modo
854 3469 1009 3527 debemus:
1030 3472 1081 3527 sed
1096 3472 1126 3529 in
1136 3473 1201 3529 deli·

237 3563 337 3641 gendis
351 3563 457 3620 idoneis
466 3562 606 3640 judicium
620 3568 650 3619 et
663 3561 838 3638 diligentium
851 3558 997 3617 adhibere.
1039 3560 1117 3619 Nam
1131 3579 1202 3638 prae«

239 3653 314 3710 clare
328 3653 453 3710 Ennius:
