2692 4292
520 365 605 403 imus
618 365 649 403 11.
692 363 759 404 our.
773 364 818 403 xx.
850 345 852 348 ’
1136 343 1176 406 ‘1⁹

155 491 274 562 debent,
284 500 334 550 aut
348 512 405 561 eos,
417 512 488 570 quos
500 513 557 550 non
571 493 704 570 expedit:
725 493 749 550 si
761 492 964 571 imprudentes,
975 491 1122 571 negligen-

155 582 207 639 tiae
223 589 283 648 est3
304 583 327 639 si
341 583 469 650 seientes,
480 568 653 640 temeritatis.
695 582 842 640 Utendum
855 583 940 640 etium
951 590 996 640 est
1005 600 1122 640 exeusa-
1137 585 1176 640 14

155 671 234 730 tione
248 671 384 729 adversus
399 691 456 739 eos,
470 691 542 748 quos
562 671 665 730 invitus
680 672 815 740 offendes,
831 690 1001 750 quecunque
1020 671 1122 749 possis,

155 779 246 837 quare
260 761 298 827 id,
310 761 389 838 quod
402 761 510 828 seueris,
521 779 636 819 neeesse
650 762 745 828 fuerit,
756 781 808 818 nee
821 762 903 818 aliter
915 761 1009 818 fucere
1023 769 1124 838 potue·

155 849 212 924 ris:
236 850 391 928 ceterisque
412 851 504 928 operis
525 858 554 909 et
574 851 671 908 officiis
691 851 745 908 erit
764 850 803 917 id,
818 850 897 929 quod
910 850 1047 908 violatum
1068 856 1123 919 est.

156 939 410 1016 compensandum.

197 1117 261 1175 XX.
283 1116 342 1174 Sed
353 1137 418 1174 eum
429 1117 458 1174 iu
467 1117 627 1176 homiuibus
638 1117 771 1195 juvandis
779 1125 830 1176 aut
839 1137 931 1176 mores
941 1116 1064 1196 spectari
1073 1121 1125 1174 eut

155 1207 274 1264 fortuna
294 1207 399 1264 soleat:
421 1207 501 1264 dietu
514 1207 630 1284 quidem
650 1215 695 1266 est
714 1208 847 1285 proclive,
861 1209 956 1284 itaque
970 1208 1059 1285 vulgo
1078 1207 1120 1264 lo·

156 1303 292 1371 quuntur,
307 1313 337 1352 se
359 1295 387 1352 in
408 1296 550 1353 benefieiis
572 1296 744 1356 collocandis
767 1317 859 1355 mores
886 1297 1042 1364 hominum,
1062 1315 1121 1354 non

156 1385 300 1442 fortunam
321 1385 408 1460 sequi.
450 1385 579 1442 Honesta
593 1386 682 1442 oratio
696 1393 749 1444 est.
789 1386 849 1444 Sed
862 1387 925 1463 quis
938 1392 984 1444 est
997 1386 1156 1454 tandem

157 1474 208 1550 qui
234 1473 324 1550 inopis
349 1482 378 1531 et
405 1474 504 1551 optimi
528 1474 580 1533 viri
600 1493 695 1532 eausae
720 1494 777 1532 nou
804 1482 967 1552 anteponet,
987 1475 1016 1533 in
1036 1493 1125 1552 opere

157 1562 262 1630 danda,
274 1562 396 1640 gratiam
406 1563 542 1622 fortunati
552 1571 581 1621 et
592 1565 741 1640 potentis?
771 1564 802 1621 Α
811 1583 869 1640 quo
883 1565 957 1621 enim
967 1564 1124 1641 expeditior
1137 1570 1156 1623 3

157 1658 190 1708 et
203 1653 319 1709 celerior
333 1653 521 1710 remuneratio
534 1654 594 1710 fore
606 1653 726 1720 videtur,
738 1653 767 1710 in
780 1672 847 1710 eum
861 1653 920 1710 fere
934 1660 979 1710 est
991 1653 1124 1711 voluntas

156 1749 254 1798 nostra
264 1742 436 1818 propensior.
459 1742 517 1800 Sed
526 1742 809 1800 animadvertendum
820 1750 864 1800 eet
874 1742 1046 1821 diligentius,
1057 1762 1123 1819 quae
1137 1746 1157 1801 4

156 1837 261 1888 nutura
282 1851 377 1888 rerum
400 1831 444 1888 sit.
486 1831 628 1888 Nimirum
652 1831 726 1888 enim
750 1831 833 1908 inops
855 1821 910 1898 ille,
924 1832 948 1888 si
968 1832 1060 1889 bonus
1080 1838 1125 1890 est

156 1920 209 1986 vir,
224 1919 333 1977 etiamsi
346 1921 451 1978 referre
471 1920 593 1998 gretiam
614 1939 669 1977 non
690 1928 793 1998 potest,
808 1918 913 1979 hebere
927 1929 1004 1979 uerte
1018 1928 1123 1999 potest.

157 2008 316 2066 Commode
330 2017 435 2078 eutem,
446 2010 605 2086 quicunque
620 2010 699 2077 dixit,
715 2011 863 2088 pecuniam
877 2011 928 2087 qui
940 2011 1054 2079 habeut,
1068 2019 1156 2070 nono

157 2097 332 2166 reddidisse;
353 2099 402 2175 qui
416 2099 577 2165 reddiderit,
587 2118 644 2156 non
654 2100 776 2157 hebere:
797 2101 1025 2177 gratiemautem
1035 2101 1124 2178 etqui

156 2187 292 2254 retulerit,
310 2188 434 2254 habere;
456 2195 485 2245 et
504 2188 552 2264 qui
565 2188 679 2256 habeut,
693 2190 832 2249 retulisse.
873 2191 925 2256 At,
939 2190 989 2266 qui
1002 2209 1033 2247 se
1046 2191 1123 2248 loeu-
1138 2195 1156 2248 6

158 2276 261 2352 pletes,
276 2277 439 2344 honoratos,
455 2277 555 2335 beatos
569 2284 681 2354 putant,
696 2278 714 2334 ii
727 2297 763 2335 ne
777 2278 896 2356 obligari
910 2279 1026 2355 quidem
1038 2280 1123 2336 bene·

157 2365 223 2422 ficio
236 2365 352 2434 volunt;
374 2367 441 2444 quin
463 2367 548 2424 etiam
571 2367 738 2424 beneficium
758 2386 790 2424 se
809 2367 922 2424 dedisse
942 2367 1123 2435 arbitrentur,

158 2474 226 2512 eum
241 2455 295 2532 ipsi
310 2456 437 2533 quumvis
451 2474 587 2533 magnum
607 2456 723 2532 aliquod
742 2455 919 2532 acceperint;
939 2462 1026 2530 utque
1039 2456 1125 2514 etiam

160 2562 179 2600 a
193 2563 224 2602 se
238 2552 288 2602 eut
302 2545 439 2622 postulari
460 2552 510 2603 aut
529 2545 673 2621 expectari
694 2544 800 2620 aliquid
813 2543 1008 2620 suspieentur:
1030 2551 1125 2620 putro-

159 2633 232 2691 einio
247 2653 313 2691 vero
327 2653 439 2692 seusus
453 2642 503 2692 eut
518 2633 633 2692 elientes
643 2633 789 2711 appellari,
802 2632 899 2690 mortis
912 2632 1001 2689 instar
1014 2640 1123 2709 putant.

159 2723 203 2780 At
217 2742 284 2780 vero
305 2724 351 2781 ille
371 2724 471 2791 tenuis
488 2743 561 2790 oum,
578 2723 712 2799 quiequid
727 2723 835 2779 fectum
849 2722 894 2789 sit,
909 2741 940 2778 se
954 2729 1124 2798 spectatum,
1140 2723 1157 2782 '1

160 2831 217 2869 non
228 2813 370 2870 fortunam
382 2821 472 2891 putet,
483 2832 539 2871 non
554 2812 640 2870 modo
655 2812 703 2878 illi,
715 2812 764 2888 qui
778 2819 824 2868 est
834 2812 962 2879 meritus,
975 2812 1026 2869 sed
1040 2812 1126 2870 etium

159 2902 222 2968 illis,
237 2921 254 2958 a
268 2903 370 2979 quibus
392 2910 525 2980 expectat
540 2900 618 2980 (eget
638 2902 712 2959 enim
733 2900 844 2976 multis)
858 2908 974 2978 gratum
993 2920 1024 2959 se
1038 2902 1126 2960 videri

161 2990 275 3048 studet:
296 3010 388 3067 neque
402 3010 469 3048 vero
483 2992 576 3048 verbis
600 2999 688 3068 auget
707 3011 792 3049 suum
812 3010 924 3058 munus,
939 2991 1032 3068 siquo
1052 2993 1125 3049 forte

158 3081 293 3158 iungitur,
304 3080 454 3138 sedetiam
468 3089 611 3140 extenuet.
653 3081 874 3157 Videndumque
887 3081 958 3138 illud
972 3089 1025 3149 est,
1035 3082 1123 3160 qnod,
1139 3088 1157 3140 8

159 3169 184 3226 si
197 3169 363 3246 opulentum
383 3170 615 3246 fortunatumque
630 3170 799 3238 defenderis,
814 3171 843 3228 in
856 3189 916 3228 uno
926 3170 974 3228 illo
987 3181 1039 3230 eut
1051 3173 1125 3230 forte

163 3258 193 3315 in
207 3258 300 3316 liberis
322 3260 384 3336 ejus
405 3267 501 3316 manet
514 3261 622 3338 gratim
644 3259 686 3316 sin
700 3266 796 3316 autem
810 3259 931 3336 inopem,
947 3261 1069 3336 probum
1083 3268 1125 3318 ta-

161 3366 228 3404 men
242 3355 271 3404 et
285 3348 456 3415 modestum,
473 3369 570 3406 omnes
583 3368 640 3406 non
654 3349 775 3425 improbi
789 3349 910 3406 humiles
930 3349 1009 3426 (quae
1021 3367 1126 3426 magna

160 3436 190 3494 in
213 3438 320 3513 populo
346 3438 499 3496 multitudo
523 3436 579 3517 est)
609 3439 774 3515 praesidium
794 3438 847 3495 sibi
867 3446 999 3514 peratum
1018 3437 1124 3510 vident

160 3526 353 3594 Quamobrem
374 3529 473 3585 melius
494 3529 572 3605 apud
591 3529 689 3595 bonos,
704 3547 790 3605 quam
804 3526 882 3603 apud
895 3528 1061 3591 fortunatos,
1077 3525 1124 3581 be·
1140 3530 1157 3582 9

159 3613 291 3672 nefieium
306 3617 437 3674 collocari
451 3625 530 3694 puto
572 3617 677 3674 Danda
697 3617 810 3674 omnino
830 3634 918 3691 opera
937 3622 989 3681 est,
1004 3621 1037 3674 ut
1051 3613 1126 3670 omni
1141 3619 1179 3673 10

160 3704 257 3782 generi
270 3705 339 3763 satis
359 3706 453 3766 fecere
473 3707 632 3784 possimus:
653 3706 705 3764 sed
719 3705 743 3762 si
756 3724 802 3762 res
816 3705 844 3762 in
858 3703 1065 3762 contentionem
1078 3721 1125 3761 ve·
