2692 4292
162 353 200 406 88
578 363 615 400 on
637 362 765 400 orrrcns

213 495 285 552 inest
300 499 389 571 perte,
402 493 439 550 de
449 511 506 570 qua
516 491 703 568 disputamus.
736 490 838 566 Neque
851 489 925 547 enim
939 489 1032 547 solum
1046 489 1187 566 corporis,

212 583 261 660 qui
274 583 311 640 od
324 590 453 639 naturam
468 581 528 658 apti
542 589 618 647 sunt,
633 581 684 638 scd
707 580 796 636 multo
817 580 903 637 etiam
917 579 1009 657 magis
1022 579 1108 636 animi
1121 599 1186 636 mo·
1341 506 1343 639 i

161 676 196 730 ll
211 679 258 731 tus
273 672 420 750 probandi,
436 671 485 747 qui
498 671 566 728 item
581 671 618 726 ad
633 679 764 728 naturam
783 668 992 726 accommodati
1005 675 1079 725 sunt.
1120 669 1185 724 Du-

212 763 279 840 plex
292 769 337 818 est
350 761 424 818 enim
438 760 480 818 vis
500 760 658 818 animorum
680 767 766 834 atque
786 766 904 815 natura:
926 776 983 814 una
1004 777 1071 834 pars
1089 758 1118 814 iu
1130 777 1185 834 ap-

212 851 303 928 petitu
323 851 415 928 posita
436 859 488 916 est,
505 869 570 926 quae
592 859 637 906 est
657 846 724 925 igal
740 849 859 914 Graece,
874 866 939 923 quae
961 847 1104 904 hominem
1123 847 1184 904 huc

211 949 241 998 et
254 941 320 998 illuc
340 939 429 1017 rapit:
451 939 541 996 altera
553 939 581 995 in
595 938 712 1004 ratione,
727 954 792 1012 quae
812 935 898 993 docet
910 944 941 994 et
953 935 1095 1012 explanat,
1110 937 1182 1013 quid

211 1031 371 1088 laciendum
392 1029 593 1107 fugiendumve
614 1029 657 1084 sit.
700 1027 746 1084 Ita
765 1027 805 1092 fit,
819 1034 853 1083 ut
865 1025 937 1083 ratio
951 1024 1056 1102 praesit,
1070 1026 1181 1102 appeti·

4 1131 179 1166 ”··““·--
211 1128 258 1177 tus
282 1121 467 1196 obtemperet.
509 1117 615 1174 XXIX.
639 1116 739 1174 Omnis
762 1124 860 1173 autem
879 1115 953 1172 actio
973 1133 1073 1173 vacare
1093 1115 1182 1172 debet

211 1209 368 1265 temeritate
389 1214 419 1264 et
438 1207 631 1283 negligentia:
654 1224 706 1263 nec
727 1224 795 1263 vero
814 1223 899 1283 agera
920 1204 1083 1281 quidquam,
1097 1205 1181 1281 cujus

158 1339 164 1350 .
179 1303 197 1354 2
211 1315 268 1353 non
282 1296 372 1373 possis
387 1314 503 1352 causam
525 1295 700 1371 probabilem
719 1294 846 1352 reddere.
888 1294 962 1352 Haec
976 1301 1021 1352 est
1033 1294 1107 1350 euim
1119 1295 1181 1352 fere

211 1386 362 1462 descriptio
375 1385 465 1442 officii.
500 1385 686 1442 Efficiendum
699 1391 797 1441 autem
811 1391 863 1449 est,
874 1390 908 1440 ut
921 1383 1066 1460 appetitus
1079 1383 1180 1440 rationi

211 1476 352 1543 obedient,
367 1494 486 1551 eamque
506 1493 597 1551 neque
619 1482 803 1550 praecurrant,
822 1491 875 1530 nec
897 1481 1014 1550 propter
1037 1473 1180 1551 pigritiam

211 1574 261 1622 aut
274 1565 414 1642 ignaviam
434 1565 584 1622 deserant:
606 1563 718 1639 sintque
738 1562 889 1639 tranquilli,
904 1571 989 1640 atque
1003 1563 1077 1620 omni
1094 1563 1179 1620 animi

179 1655 422 1732 ‘aperturbatione
446 1660 567 1712 careant.
610 1653 653 1708 Ex
677 1671 735 1728 quo
758 1653 881 1710 elucebit
905 1653 995 1708 omnis
1021 1652 1180 1710 constantia

211 1745 356 1820 omnisque
370 1743 535 1802 moderatio.
575 1743 603 1798 N
605 1761 651 1798 am
664 1743 713 1819 qui
727 1741 872 1819 appetitus
885 1742 997 1819 longius
1010 1750 1177 1818 evagantur,

211 1844 241 1891 et
255 1841 399 1909 tamquam
412 1833 570 1890 exultantes
585 1831 643 1890 sive
657 1830 807 1908 cupiendo,
819 1832 878 1888 sire
887 1830 1032 1908 fugiendo,
1043 1849 1099 1887 non
1110 1831 1178 1887 satis

211 1923 348 1978 aratione
362 1921 524 1987 retinentur,
540 1920 557 1977 ii
572 1921 630 1978 sine
645 1921 733 1978 dubio
752 1922 837 1978 finem
849 1929 879 1978 et
891 1919 1009 1977 modum
1023 1927 1177 1978 transeunt.

211 2011 383 2086 Relinquunt
397 2010 470 2066 enim
485 2018 515 2066 et
528 2010 665 2086 abjiciunt
678 2010 876 2078 obedientiam,
889 2029 942 2067 nec
954 2008 1055 2066 rationi
1067 2017 1176 2087 parent,

211 2100 256 2158 cui
269 2108 335 2156 sunt
349 2099 470 2176 subjecti
483 2100 546 2176 lege
558 2106 667 2158 naturae
679 2119 685 2156 :
700 2119 718 2155 a
731 2100 834 2175 quibus
848 2119 904 2156 non
917 2099 1003 2156 modo
1016 2099 1100 2155 animi
1114 2118 1177 2175 per-

179 2195 196 2247 4
211 2190 368 2255 turbantur,
383 2187 434 2244 sed
449 2188 533 2246 etiam
554 2207 681 2266 corpora.
723 2189 803 2246 Licet
817 2208 868 2246 ora
881 2189 949 2266 ipsa*
962 2207 1076 2246 cernere
1093 2188 1177 2244 irato-

210 2298 283 2346 rum,
298 2287 348 2335 aut
362 2297 469 2343 eorum,
484 2279 532 2354 qui
553 2285 604 2335 aut
624 2278 738 2336 libidine
759 2279 853 2355 aliqua
872 2286 923 2335 aut
944 2285 1024 2336 metu
1044 2277 1179 2336 commoti

211 2377 285 2435 sunt,
300 2376 350 2425 aut
363 2368 509 2446 voluptate
523 2367 607 2424 nimia
628 2369 772 2445 gestiunt:
794 2387 915 2444 quorum
933 2368 1058 2424 omnium
1071 2368 1176 2434 vultus,

179 2467 196 2518 5
211 2477 303 2526 voces,
318 2469 411 2516 motus
426 2465 574 2534 statusque
589 2465 743 2515 mutantur.
784 2459 828 2514 Ex
842 2458 945 2534 quibus
958 2456 1028 2513 illud
1046 2456 1177 2535 intelligi-

198 2557 244 2606 tur
259 2547 303 2627 (ut
316 2549 353 2606 ad
368 2549 450 2607 officii
463 2549 584 2605 formam
598 2546 785 2623 revertamur)
797 2547 941 2624 appetitus
955 2565 1053 2603 omnes
1066 2555 1177 2603 contra·

136 2689 139 2698 ,
210 2638 318 2696 hendos
343 2637 539 2713 sedandosque
560 2657 631 2704 esse,
653 2637 888 2713 excitandamque
908 2635 1178 2694 animadversionem

211 2736 240 2785 et
255 2727 435 2804 diligentiam,
450 2735 482 2782 ut
503 2727 627 2803 nequid
649 2734 755 2784 temere
779 2745 813 2783 ac
834 2726 958 2791 fortuito,
972 2724 1177 2783 inconsiderate

211 2817 443 2894 negligenterque
456 2835 583 2892 agamus

179 3001 196 3052 6
251 2994 352 3070 Neque
376 2993 450 3050 enirn
472 2991 512 3050 ita
531 2994 657 3071 generati
677 3013 695 3050 a
715 3001 817 3052 natura
838 3013 945 3061 sumus,
966 3002 999 3051 ut
1018 2994 1056 3050 ad
1076 2993 1177 3052 ludum

212 3093 241 3140 et
252 3083 349 3160 jocum
369 3083 437 3140 facti
456 3101 518 3140 esse
532 3083 696 3141 videamur:
718 3084 755 3141 ad
775 3084 954 3142 severitatem
974 3084 1077 3160 potius,
1092 3092 1122 3140 et
1138 3085 1176 3142 ad

179 3173 196 3231 'l
212 3173 343 3249 quaedem
359 3172 452 3229 studia
464 3172 593 3250 graviora
606 3182 692 3250 atque
706 3175 822 3252 majora.
863 3172 946 3230 Ludo
960 3180 1055 3230 autem
1069 3180 1099 3230 et
1109 3174 1176 3250 joco

212 3262 253 3319 uti
276 3262 324 3319 illo
344 3261 457 3339 quidem
477 3262 560 3319 licet:
583 3263 634 3320 sed
656 3263 729 3320 sicut
749 3282 848 3320 somno
862 3271 891 3320 et
904 3262 1046 3339 quietibus
1066 3264 1175 3331 ceteris

180 3359 197 3411 8
212 3359 282 3421 tum,
295 3372 360 3410 cum
374 3351 506 3429 gravibus
520 3351 653 3428 seriisque
664 3353 749 3409 rebus
759 3353 984 3410 satisfecerimus.
1020 3353 1177 3429 Ipsumque

212 3463 302 3520 genus
315 3439 428 3520 jocandi
441 3459 496 3496 non
512 3439 658 3516 profusum
672 3459 724 3497 nec
737 3441 946 3508 immodestum,
958 3441 1008 3498 sed
1022 3442 1178 3519 ingenuum

180 3538 197 3590 9
212 3540 241 3589 et
254 3534 377 3590 facetum
391 3549 452 3587 esse
467 3529 561 3588 debet.
602 3530 644 3586 Ut
657 3529 731 3588 enim
745 3531 839 3607 puen's
851 3549 908 3587 non
928 3549 1040 3588 omnem
1061 3531 1177 3588 ludendi

211 3622 353 3680 licentiam¹
365 3621 476 3687 damus,
491 3619 540 3676 sed
555 3638 626 3686 eam,
642 3637 706 3695 quae
719 3620 756 3677 ab
770 3620 924 3678 honestatis
945 3619 1102 3678 actionibus
1122 3639 1177 3679 nou

213 3710 249 3767 sit
262 3711 369 3768 aliena:
391 3711 430 3768 sic
444 3710 546 3787 inipso
564 3707 631 3787 joco
650 3709 766 3786 aliquod
786 3709 869 3787 probi
888 3709 991 3786 ingenii
1008 3709 1105 3767 lumen
1117 3708 1177 3768 elu-
