2692 4292
208 335 268 390 120
634 349 673 388 nr
688 349 819 390 curione

228 484 245 537 9
259 495 290 536 se
304 477 511 536 adolescentem
523 477 607 555 jussit
619 479 722 536 venire.
763 479 807 535 At
819 477 874 544 ille,
888 485 923 536 ut
934 477 1078 556 ingressus
1092 484 1147 543 est,
1163 497 1232 535 con·

259 567 353 624 testim
367 567 493 644 gladium
508 567 663 634 destrinxit,
676 569 846 646 juravitque,
856 587 887 625 se
897 567 977 625 illum
987 567 1085 624 statim
1098 568 1232 624 interfec-
1321 560 1322 583 ³

260 663 365 722 turum,
380 656 432 713 nisi
451 656 499 733 jus
521 656 676 734 jurandum
691 657 825 723 dedisset,
841 676 872 714 se
892 664 1004 733 patrem
1023 657 1146 713 missum
1168 675 1233 714 esse

209 751 246 804 10
260 745 415 803 facturum.
455 745 475 803 J
477 745 569 802 uravit
582 745 636 802 hoc
651 753 767 803 coactus
781 737 887 803 te'rrcre
901 746 1078 822 Pomponius
1086 764 1094 812 ;
1115 765 1181 802 rem
1194 745 1233 801 ad

261 834 400 912 populum
425 833 545 901 detulit;
567 834 671 902 docuit,
693 855 745 893 cur
771 835 825 892 sibi
846 853 933 892 causa
954 835 1092 892 desistere
1114 853 1234 891 necesse
1321 834 1322 895 l

210 929 244 985 11
262 931 354 990 esset;
376 915 512 980 Metilium
532 923 650 980 missum
670 924 738 980 fecit
787 924 910 981 Tantum
923 924 1102 1000 temporibus
1115 923 1173 980 illis
1184 923 1233 1000 jus

259 1013 412 1091 jurandum
426 1012 547 1069 valebat.
588 1013 689 1088 Atque
701 1012 747 1070 bic
760 1012 792 1070 Τ.
804 1012 926 1069 Manlius
939 1012 963 1069 is
977 1025 1029 1079 est,
1044 1012 1094 1088 qui
1107 1012 1147 1068 ad
1162 1013 1232 1069 Ani·

261 1121 343 1162 enem
359 1101 442 1168 Galli,
457 1120 542 1178 quem
565 1100 657 1159 abeo
680 1109 852 1178 provocatus
876 1101 1027 1168 occiderat,
1050 1109 1157 1177 torque
1183 1101 1233 1158 de·

261 1197 361 1256 amco,
376 1209 533 1267 cognomen
554 1189 674 1247 invenit:
696 1191 780 1268 cujus
800 1190 884 1248 tertio
904 1190 1055 1247 consulatu
1074 1190 1175 1248 Latini
1194 1189 1233 1247 ad

262 1279 391 1338 Veserim
406 1279 462 1337 fusi
482 1287 511 1336 et
531 1279 630 1356 fugati.
673 1278 798 1357 Magnus
810 1279 855 1336 vir
867 1280 897 1337 in
910 1279 1014 1356 primis,
1028 1285 1059 1336 et
1073 1280 1126 1356 qui
1139 1280 1235 1358 perin-

262 1368 383 1447 dulgens
396 1367 425 1426 in
438 1376 558 1446 patrem,
573 1367 650 1426 idem
662 1370 764 1426 acerbe
777 1387 893 1427 severus
906 1369 936 1425 in
949 1369 1046 1428 tilium.

302 1547 424 1604 XXXII.
440 1545 497 1604 Sed
509 1552 541 1604 ut
551 1545 711 1604 laudandus
724 1546 856 1625 Regulus
864 1546 894 1603 in
904 1546 1097 1605 conservando
1109 1547 1177 1624 jure
1189 1547 1236 1625 ju·

262 1637 360 1704 raudo,
375 1635 414 1693 sic
429 1636 529 1694 decem
542 1635 590 1702 illi,
605 1655 678 1712 quos
692 1644 759 1712 post
773 1637 953 1694 Cannensem
973 1655 1103 1714 pugnam
1121 1637 1236 1713 juratos
1321 1662 1322 1671 ι

262 1725 301 1783 ad
315 1731 444 1782 senatum
457 1725 532 1782 misit
546 1725 699 1791 Hannibal,
709 1743 741 1782 se
754 1725 783 1782 in
797 1732 891 1783 castra
903 1725 1044 1783 redituros
1058 1744 1102 1795 ea,
1112 1744 1237 1801 quorum

234 1821 344 1878 erant
357 1812 439 1891 potiti
451 1814 543 1880 Poeni,
558 1815 610 1870 nisr
602 1813 660 1872 de
674 1814 847 1872 redimendis
860 1814 979 1892 captivis
992 1804 1235 1890 impetravissent,

232 1905 288 1964 2si
306 1923 364 1961 nou
383 1902 597 1970 redierunt,v1t
556 1903 744 1980 vituperandi.
786 1904 831 1960 De
852 1904 956 1980 quibus
976 1922 1033 1960 non
1055 1921 1156 1960 omnes
1179 1923 1236 1960 uno

261 1993 358 2052 modo.
393 1993 470 2054 Nam
482 1992 628 2070 Polybius,
638 1995 731 2052 bonus
744 1993 885 2051 anctorin
898 1993 1004 2071 primis,
1019 2011 1055 2050 ex
1070 1992 1235 2050 decemno·
1287 2004 1290 2006 ’

263 2081 412 2148 bilissimis,
426 2081 550 2158 quitum
564 2089 645 2140 erant
657 2083 744 2150 missi,
757 2101 862 2140 noveru
875 2083 1024 2140 revertisse
1039 2079 1146 2159 [dicit],
1161 2100 1180 2137 a
1193 2101 1235 2138 se
1321 2124 1322 2141 2

263 2177 335 2229 natu
347 2189 377 2228 re
388 2189 444 2228 non
457 2170 620 2248 impetrata:
635 2191 726 2230 unum
735 2191 772 2228 ex
781 2171 890 2238 decem,
901 2172 950 2248 qui
963 2171 1136 2248 paulopost,
1148 2163 1252 2247 quam'

265 2279 396 2340 egressus
417 2266 477 2318 crat
494 2261 631 2326 ecastris,
645 2259 775 2331 redisset,
790 2260 872 2337 quasi
891 2261 999 2337 aliquid
1020 2267 1098 2318 esset
1120 2261 1234 2327 oblitus,
1321 2326 1322 2333 p

233 2358 250 2410 8
265 2351 365 2409 Romae
378 2349 555 2408 remansisse.
598 2349 706 2407 Rcditu
717 2349 793 2407 enim
806 2350 835 2406 in
848 2357 943 2406 castra
961 2349 1114 2407 liberatum
1128 2368 1160 2406 se
1173 2368 1236 2407 esse

262 2439 461 2519 jusjurando
474 2439 721 2515 interpretabatur.
763 2439 830 2496 Non
842 2447 936 2496 recte:
954 2438 1032 2495 fraus
1044 2439 1122 2496 enim
1135 2439 1235 2495 astrin-
1321 2454 1322 2459 ¹

232 2535 251 2588 4
265 2531 316 2608 git,
327 2549 384 2587 non
394 2525 521 2586 dissolvit
535 2527 700 2606 perjurium.
732 2528 799 2586 Fuit
812 2528 901 2606 igitur
910 2528 999 2585 stulta
1010 2527 1160 2594 calliditas,
1172 2547 1236 2605 per-

265 2638 346 2676 versa
365 2618 473 2676 imitate
494 2617 683 2694 prudentiam.
725 2617 829 2694 Itaque
849 2617 977 2675 decrevit
995 2626 1121 2685 senatus,
1135 2625 1170 2674 ut
1189 2618 1236 2675 ille

233 2717 252 2768 5
266 2715 409 2766 veterator
421 2714 452 2764 ct
465 2705 585 2764 callidus
599 2707 711 2764 vinctus
725 2706 763 2764 ad
777 2706 966 2764 Hannibalem
979 2706 1140 2764 duceretur.
1176 2706 1236 2764 Sed

266 2797 337 2855 illud
350 2794 521 2854 maximum:
544 2803 609 2854 octo
623 2796 770 2854 hominum
789 2795 866 2853 milia
878 2798 996 2854 tenebat
1009 2794 1164 2862 Hannibal,
1178 2814 1236 2852 nou

266 2903 338 2961 quos
359 2885 388 2942 in
407 2885 467 2942 scie
488 2883 619 2962 cepisset,
634 2891 685 2942 aut
704 2886 754 2962 qui
775 2884 901 2961 periculo
921 2884 1020 2946 mortis
1042 2884 1233 2962 diffugissent,

267 2973 319 3030 scd
341 2973 390 3048 qui
409 2972 498 3030 relicti
517 2973 546 3030 in
566 2973 666 3030 castris
679 2973 799 3031 luissent
812 2993 830 3030 a
843 2973 935 3032 Paulo
949 2979 979 3031 et
992 2993 1010 3030 a
1023 2973 1153 3030 Varrone
1167 2993 1233 3030 con-

236 3060 384 3120 6sulibus.
425 3061 483 3117 Eos
497 3065 612 3118 sensns
625 3081 683 3119 non
696 3063 806 3129 censuit
818 3062 1007 3129 redimendos,
1021 3082 1088 3120 cum
1100 3062 1131 3118 id
1146 3081 1234 3140 parva
1321 3084 1322 3107 ι

268 3149 386 3228 pecunia
409 3148 469 3206 lieri
488 3156 601 3226 posset:
623 3157 657 3208 ut
677 3153 755 3209 esset
773 3151 888 3209 insitum
906 3152 1042 3210 militibus
1061 3152 1165 3209 nonnis
1183 3159 1234 3210 aut

236 3239 253 3299 'l
268 3239 386 3305 vincera,
401 3243 451 3294 aut
465 3237 561 3296 emori.
596 3239 660 3308 Qua
673 3241 790 3316 quidem
802 3259 834 3297 re
848 3241 955 3308 audita,
969 3242 1094 3299 fractum
1107 3241 1233 3298 animum

268 3327 434 3386 Hannibalis
448 3327 544 3386 scribit
557 3327 641 3395 idem,
656 3329 734 3406 qnod
748 3337 864 3388 senatus
885 3330 1066 3407 populusque
1086 3331 1233 3388 Βιιιιιιιιιιιε

236 3423 254 3476 8
269 3418 354 3475 rebus
364 3415 474 3474 afflictis
487 3423 547 3474 tam
557 3417 668 3475 excelso
679 3418 772 3476 animo
785 3418 892 3476 inisset.
925 3419 973 3478 Sic
985 3419 1142 3476 honestatis
1156 3438 1232 3477 com·

236 3512 254 3565 a
269 3506 413 3584 paratione
427 3525 468 3574 ea,
481 3523 545 3584 quae
561 3505 694 3563 videntur
705 3506 794 3573 utilia,
807 3508 969 3566 vincuntur.
1003 3507 1113 3566 Acilius
1126 3515 1232 3577 autem,

269 3594 318 3672 qui
334 3595 435 3653 Graece
455 3594 566 3671 scripsit
588 3593 741 3662 historiam,
757 3596 854 3672 plures
873 3596 1021 3664 aittuisse,
1036 3597 1127 3672 quiin
1140 3604 1233 3654 castra

268 3683 457 3750 revertissent,
469 3683 570 3740 cadem
582 3681 693 3750 fraude,
707 3691 741 3740 ut
751 3684 817 3761 jure
828 3685 952 3761 jurando
965 3685 1161 3756 liberarentur,
1171 3705 1232 3757 eos·
