2692 4292
251 345 309 402 us
677 361 716 400 na
730 359 859 400 orrrcns

249 493 286 546 12
341 487 417 546 Nam
430 487 501 546 illud
516 487 639 566 quidem,

445 599 545 674 Neque
557 599 628 666 dedi,
644 619 729 674 neque
742 599 778 657 do
791 599 902 676 infideli
914 599 1056 673 cuiqnam,

300 705 404 764 idcirco
422 712 499 764 recte
514 725 531 763 a
545 714 638 784 posta,
654 706 729 783 quia,
744 726 809 763 cum
824 713 995 763 tractaretur
1007 705 1127 774 Atreus,
1142 723 1269 784 persona

251 800 288 854 13
304 794 483 854 serviendum
497 796 558 854 luit.
601 796 660 853 Sed
675 795 698 852 si
711 796 765 852 hoc
780 795 833 852 sibi
846 802 970 861 sumunt,
980 794 1087 851 nullam
1098 815 1163 853 esse
1177 796 1268 861 fidem,

300 905 365 962 quar
389 885 493 943 infideli
507 886 575 944 data
596 886 639 954 sit,
655 886 777 953 videant,
792 904 828 942 ne
842 892 985 962 quaeratur
1004 886 1117 944 latebra
1137 886 1267 964 perjurio.
1329 920 1330 973 p

249 979 286 1033 14
301 974 354 1032 Est
373 975 422 1052 jus
442 975 526 1032 etiam
548 975 690 1043 bellicum,
715 975 842 1052 fidesque
860 975 932 1054 jun's
950 975 1065 1051 jurandi
1095 995 1177 1052 saepe
1208 995 1268 1033 cum
1329 1026 1330 1055 ,

250 1070 285 1124 15
300 1065 382 1122 hoste
397 1063 544 1122 servanda.
586 1064 669 1133 Quod
684 1065 759 1122 enim
772 1065 812 1120 ita
822 1064 951 1142 juratum
965 1071 1016 1131 est,
1031 1071 1066 1122 ut
1078 1084 1166 1121 mens
1180 1067 1267 1122 conci-

300 1161 383 1229 peret
396 1154 456 1211 fleri
469 1160 608 1231 oportere,
623 1154 653 1211 id
667 1153 839 1212 servandum
852 1160 912 1210 est:
934 1154 1011 1230 quod
1024 1153 1117 1221 aliter,
1133 1154 1163 1211 id
1179 1155 1203 1210 si
1217 1174 1268 1212 nou

249 1247 285 1300 16
300 1241 409 1309 feceris,
423 1243 533 1300 nullum
555 1249 599 1300 est
621 1244 787 1321 perjurium,
828 1243 879 1310 Ut,
901 1243 924 1300 si
946 1243 1131 1320 pradonibus
1152 1252 1268 1320 pactum

300 1349 353 1407 pro
373 1331 466 1407 capite
487 1332 609 1408 pretium
624 1351 681 1390 non
693 1332 831 1399 attuleris,
845 1332 924 1390 nulls
943 1332 1021 1389 fraus
1035 1340 1089 1400 est,
1105 1351 1142 1388 ne
1157 1333 1184 1389 si
1195 1334 1267 1410 jura

248 1417 284 1480 lt
300 1425 347 1476 tus
361 1419 475 1496 quidem
489 1421 518 1478 id
532 1439 588 1480 non
602 1421 710 1480 leceris
751 1421 829 1478 Nam
843 1421 935 1498 pirate
947 1430 1062 1479 nonest
1075 1421 1267 1499 perduellium

299 1527 416 1566 numero
430 1509 570 1578 definitus,
585 1510 636 1568 scd
651 1511 807 1568 communis
827 1511 917 1568 hostis
937 1511 1072 1568 omnium.
1117 1511 1197 1568 Cum
1217 1513 1267 1569 hoc
1329 1572 1330 1583 ,

249 1603 286 1656 18
299 1615 351 1656 nec
365 1598 435 1656 fides
446 1598 533 1656 debet
546 1619 598 1656 nec
607 1599 655 1676 jus
667 1599 822 1676 jurandum
836 1617 898 1656 esse
909 1619 1069 1657 commuue.
1111 1600 1184 1657 Non
1197 1601 1267 1657 cuim

299 1688 403 1744 falsum
425 1688 531 1765 jurare,
557 1687 703 1765 perjurare
726 1695 786 1755 est;
806 1688 867 1755 sed,
890 1688 968 1764 quod
991 1708 1038 1745 nx
1057 1707 1186 1747 snrmr
1207 1709 1267 1748 rur
1329 1738 1330 1747 ,

299 1795 524 1834 sumnam
542 1777 655 1854 juraris,
670 1776 744 1836 sicut
763 1777 856 1834 verbis
882 1777 1038 1854 concipitur
1059 1797 1140 1836 more
1161 1787 1265 1848 nostro,

248 1870 285 1924 19
299 1865 329 1922 id
342 1885 399 1924 non
413 1865 515 1934 sscere,
530 1865 687 1943 perjurium
700 1872 752 1924 est.
793 1865 871 1924 Scite
885 1866 960 1922 enim
972 1866 1144 1943 Euripides:

482 1977 588 2035 Jcmvi
602 1977 711 2050 linqua,
725 1985 841 2034 menum
853 1978 1009 2051 injuratum
1019 1997 1093 2051 gero.

249 2092 287 2144 20
301 2087 431 2164 Regulus
441 2107 510 2146 vero
523 2107 579 2146 non
593 2087 693 2145 debuit
706 2087 880 2145 conditiones
894 2088 1097 2165 pactionesque
1111 2089 1229 2148 bellicas
1239 2099 1266 2148 ct

247 2181 283 2233 21
299 2175 415 2234 hostiles
437 2178 604 2254 perturbare
626 2177 759 2254 perjurio.
802 2178 877 2234 (lum
895 2178 976 2255 justo
995 2178 1070 2234 enim
1090 2186 1121 2235 et
1141 2179 1265 2257 legitimo

298 2265 381 2324 hoste
401 2285 446 2324 res
466 2268 628 2344 gerebatur,
643 2267 782 2324 adversus
796 2284 881 2344 quem
894 2273 1031 2324 ettotam
1049 2268 1098 2344 jus
1119 2268 1224 2336 fetiale,
1238 2278 1266 2328 et

247 2359 284 2414 22
299 2355 389 2412 mults
399 2362 466 2413 sunt
476 2357 543 2433 jura
557 2355 726 2414 communie.
767 2355 853 2424 Quod
866 2356 896 2413 ni
908 2356 949 2412 ita
959 2364 1042 2423 esset,
1053 2374 1201 2433 uunquam
1213 2359 1264 2416 cla·

298 2463 345 2503 ros
368 2444 442 2504 viros
466 2451 580 2504 senatus
604 2445 716 2504 vinctos
743 2445 875 2504 hostibus
903 2445 1068 2504 dedidisset.
1109 2447 1203 2505 XXX„
1224 2449 1265 2505 At

298 2553 366 2592 vero
379 2535 410 2594 Τ.
426 2533 562 2592 Veturius
576 2541 606 2592 et
620 2534 670 2611 Sp.
686 2534 859 2601 Postumius,
874 2554 941 2592 cum
959 2535 1063 2592 iterum
1077 2537 1211 2594 consules
1224 2556 1264 2594 es·

299 2631 370 2692 sent,
385 2624 459 2702 quia,
475 2643 540 2684 cum
554 2624 627 2682 male
642 2630 802 2701 pugnatum
810 2624 889 2701 apud
900 2624 1043 2682 Caudium
1056 2634 1142 2692 esset,
1151 2625 1263 2704 legioni·

299 2712 353 2772 bus
368 2713 471 2770 nostris
491 2715 545 2772 sub
565 2714 670 2791 jugum
690 2713 790 2780 missis,
807 2731 907 2790 pacem
921 2733 988 2771 cnm
1003 2714 1180 2772 Samnitibus
1192 2716 1263 2773 fece·

298 2809 371 2870 rant,
380 2802 469 2860 dediti
479 2810 545 2862 sumt
555 2803 599 2860 his
609 2821 615 2860 z
635 2803 747 2880 injussu
756 2803 830 2860 enim
841 2803 940 2879 populi
949 2810 1120 2879 senatusque
1131 2804 1263 2862 fecerant

261 2897 279 2949 2
300 2891 466 2968 Eodemque
481 2899 609 2970 tempore
620 2893 660 2949 Ti.
672 2892 830 2959 Numicius,
841 2892 876 2959 Q,
888 2891 1008 2958 Maelius,
1020 2892 1069 2968 qui
1084 2899 1148 2948 tum
1160 2893 1264 2950 tribuni

299 2979 391 3054 plebis
412 2987 500 3046 erant,
515 2981 593 3056 quod
607 2999 706 3038 eorum
726 2981 894 3038 auctoritate
916 2999 973 3058 pax
994 2988 1056 3038 erat
1074 2981 1161 3047 facta,
1178 2982 1263 3039 dediti

261 3072 278 3124 3
300 3073 375 3133 sunt,
383 3074 417 3124 ut
429 3085 486 3144 pax
500 3067 669 3128 Samnitium
683 3069 888 3146 repudiaretur.
929 3069 1029 3145 Atque
1042 3069 1131 3145 hujus
1145 3070 1262 3128 deditic-

1329 2453 1331 2507 l

1329 2604 1330 2645 l

299 3155 343 3212 nis
364 3155 425 3232 ipse
448 3156 620 3225 Postumius,
642 3157 692 3235 qui
717 3158 885 3224 dedebstur,
906 3177 1006 3216 suasor
1027 3164 1056 3215 et
1079 3164 1182 3215 auctor
1202 3160 1261 3217 luit.
1329 3218 1330 3221 ,

301 3243 386 3312 Quod
399 3244 476 3302 idem
489 3245 586 3302 multis
602 3247 682 3304 annis
696 3253 762 3323 post
773 3247 806 3304 0.
822 3246 978 3314 Mancinus,
993 3246 1052 3322 qui,
1066 3254 1101 3304 ut
1114 3247 1261 3305 Numanti·

300 3331 352 3400 nis,
368 3332 539 3410 quibuscum
560 3334 619 3392 sine
641 3342 758 3393 senatus
779 3335 949 3399 auctoritate
971 3335 1065 3392 soedus
1083 3336 1202 3403 fecerat,
1216 3337 1261 3393 de

302 3421 426 3490 deretur,
441 3422 615 3500 rogationem
635 3423 725 3480 suasit
744 3442 815 3491 eam,
830 3441 917 3501 quam
933 3425 966 3481 L,
988 3424 1100 3491 Furius,
1114 3424 1146 3481 S.
1162 3426 1262 3482 Atilius

300 3529 337 3568 ex
350 3517 465 3570 senatus
479 3511 609 3570 consulto
623 3511 768 3569 serebant:
789 3531 847 3588 qua
859 3521 987 3589 accepts,
1001 3520 1046 3570 est
1065 3513 1198 3570 hostibus
1216 3514 1260 3571 de-

268 3603 287 3656 4
301 3599 386 3658 ditus.
428 3600 582 3657 Honestius
595 3599 641 3656 hic
653 3617 741 3674 quam
750 3600 785 3667 Q,
796 3601 959 3678 Pompeius,
969 3620 1036 3678 quo,
1044 3620 1111 3659 cum
1123 3601 1154 3658 in
1167 3602 1262 3659 eedem

269 3694 390 3744 hoause
408 3696 493 3756 esset,
507 3687 688 3765 deprecante,
702 3695 822 3765 accepta
840 3689 889 3751 lox
900 3707 958 3747 non
975 3696 1030 3750 cst.
1071 3690 1129 3748 Hic
1142 3709 1188 3760 ea,
1200 3708 1261 3768 qua
