2692 4292
502 559 809 635 conspectos

219 757 362 822 'rotws
382 757 523 818 OPERIS
545 759 814 819 CICERONIANI
833 760 888 818 DE
909 756 1090 819 OFFIOIIS.

578 1171 686 1220 LIBER
708 1171 730 1220 1.

145 1299 322 1360 Prooemium
340 1298 378 1356 ad
397 1299 485 1357 filium
512 1299 549 1357 (16
569 1300 764 1378 conjungenda
785 1301 897 1358 Graecae
926 1300 1089 1378 Iatinaeqnc
1109 1300 1161 1358 lin·

363 1397 428 1455 guae
448 1379 592 1444 facultate,
610 1379 792 1456 legendisque
813 1398 846 1436 ea
860 1379 897 1436 de
911 1399 997 1436 causa
1011 1380 1069 1437 suis
1082 1379 1161 1438 libris

365 1456 401 1513 de
415 1456 594 1533 philosophia
607 1455 734 1534 scriptis:
756 1477 817 1533 cap.
836 1464 861 1516 1.

146 1535 308 1609 Propositio
321 1533 368 1600 rei,
384 1552 414 1590 se
428 1534 465 1591 (16
479 1535 583 1591 Officiis
603 1553 679 1590 nunc
698 1534 814 1610 quidem
834 1535 1014 1611 scripturum,
1029 1541 1059 1591 et
1078 1533 1106 1591 in
1126 1553 1161 1594 eo

365 1620 532 1690 argumento
546 1613 656 1670 Stoicos
671 1619 849 1670 secuturum:
872 1631 935 1688 cup.
951 1618 978 1678 2,
993 1609 1010 1688 ἓ
1027 1618 1112 1669 1-10.

147 1691 285 1767 Definitio
300 1687 398 1756 Officii,
411 1690 447 1746 de
461 1709 517 1768 quo
530 1691 574 1748 his
587 1690 663 1748 libris
674 1698 790 1748 acturus
803 1691 855 1748 sit:
876 1709 938 1747 esse
952 1690 1024 1748 enim
1035 1689 1072 1756 id,
1084 1689 1161 1766 quod

364 1767 481 1846 singulis
500 1767 529 1824 iu
549 1769 634 1825 rebus
655 1776 807 1845 spectetur,
822 1777 852 1826 et
871 1767 948 1844 quod
968 1768 1089 1824 modium
1102 1769 1161 1826 sive

364 1865 505 1902 6666666666
524 1845 643 1914 dicatur,
658 1848 798 1904 actionem
811 1847 894 1922 cnjus
907 1864 994 1903 66666
1006 1847 1161 1923 probabilis

242 1924 244 1928 ’
363 1923 445 1980 reddi
459 1923 563 2000 possit:
585 1943 647 2000 cap.
660 1931 688 1989 2,
703 1921 721 2000 fi
734 1931 874 2002 ll-cap.
890 1931 917 1991 3,
932 1921 950 2001 ξ
965 1933 992 1982 5.

146 2001 260 2062 Diuisio
279 2001 453 2059 tractationis
468 2001 653 2078 quincuplex:
676 2021 738 2060 6666
751 2004 826 2060 enim
847 2003 991 2080 agendum
1009 2002 1033 2060 Ι.
1049 2002 1085 2059 (16
1099 2002 1159 2061 Ho-

365 2085 454 2146 neste,
476 2081 515 2137 ΙΙ.
536 2079 573 2137 (16
591 2081 784 2138 Honestorum
806 2081 1022 2156 comparatione,
1044 2081 1100 2138 ΙΙΙ.
1123 2080 1160 2139 (16

363 2157 443 2223 Utili,
458 2157 511 2216 IV.
537 2158 574 2215 (16
596 2157 716 2214 Utilium
738 2159 955 2235 comparatione,
978 2157 1017 2216 V.
1041 2158 1077 2215 (16
1099 2158 1158 2215 Ho-

364 2235 437 2292 nesti
457 2243 486 2292 et
510 2232 603 2302 Utilis,
626 2255 692 2312 quae
723 2237 852 2295 videatur
873 2254 944 2304 esse,
964 2235 1159 2296 contentione:

365 2332 427 2391 cap.
443 2321 470 2381 3,
486 2312 624 2392 §6-fin.
639 2334 704 2394 cap.

186 2459 212 2518 Ι.
227 2457 273 2516 De
286 2456 404 2514 cheato
417 2455 511 2536 agitur
524 2475 541 2513 a
555 2476 617 2534 cap.
633 2461 754 2534 4-cap.
770 2462 817 2515 42.

229 2534 404 2594 Generaliter
417 2534 454 2592 de
467 2542 568 2592 natura
582 2535 702 2592 Honesti
715 2535 743 2592 in
756 2535 931 2592 universum:
952 2550 1016 2610 cap.
1031 2536 1058 2590 4.

228 2613 369 2674 Diuisione
383 2611 458 2670 iacta
472 2613 658 2690 quadruplici,
673 2612 749 2670 unde
763 2613 881 2670 virtutes
894 2611 1037 2669 ducuntur
1049 2610 1160 2690 sapien·

307 2691 366 2759 tiae,
378 2691 506 2768 justitiae,
520 2690 699 2757 fortitudinis,
710 2689 913 2768 temperantiae,
928 2708 989 2767 cap.
1006 2698 1032 2748 5.

228 2831 261 2912 1)
275 2831 312 2890 (16
328 2831 473 2923 Sapientia
486 2831 580 2912 agitur
593 2849 654 2910 cap.
671 2837 697 2890 6.

228 2973 259 3054 2)
274 2975 311 3034 do
324 2974 680 3131 Joetlitssiogtherwfioeutiu
694 2993 759 3032 cum
772 2973 821 3032 illa
833 2973 983 3052 conjuncta
995 2991 1086 3052 acap.
1102 2972 1163 3032 7-

307 3071 369 3130 oap.
424 3096 432 3119 ‚
500 3098 507 3110 .

266 3193 305 3252 A.
327 3193 363 3251 (16
376 3194 496 3252 Juotitio
509 3213 526 3250 6
540 3213 601 3270 cap.
616 3192 671 3271 7,§
686 3201 806 3270 2—cap.
824 3199 870 3250 13.

326 3270 356 3349 a)
371 3272 408 3329 do
421 3271 483 3348 ipsa
496 3271 599 3329 virtute
611 3272 746 3350 justitiae:
768 3291 831 3348 cap.
844 3272 871 3337 t,
880 3269 904 3361 ,ἕ
918 3267 994 3346 2-§
1009 3276 1037 3330 6.

325 3349 358 3424 1))
373 3350 409 3407 (16
422 3350 566 3426 injustitiae
580 3350 693 3409 duobus
705 3351 863 3428 generibus,
878 3349 1031 3407 mierendae
1052 3354 1083 3406 et
1102 3365 1159 3404 non

404 3428 588 3506 prohibendae
603 3428 730 3504 injuriae:
752 3446 815 3503 cap.
831 3428 857 3495 7,
872 3424 889 3503 5
905 3427 921 3484 'l
936 3434 966 3483 et
980 3433 1007 3484 8.

446 3525 465 3560 α
493 3505 529 3563 (16
542 3504 686 3562 inferenda
695 3506 810 3584 injuria:
827 3524 845 3561 6
856 3523 917 3580 cap.
929 3500 985 3578 ῆς
999 3509 1120 3577 9-cap.
1132 3507 1159 3560 8.

443 3581 468 3656 β
495 3583 533 3641 (16
564 3583 807 3660 praetermittonda
837 3581 999 3638 defensione
1022 3579 1160 3655 justitiae:

525 3679 588 3739 cap.
604 3668 631 3728 9,
646 3659 754 3795 §ll-g
768 3669 795 3718 5.
