2692 4292
518 349 604 391 maan
622 347 654 388 11.
695 345 763 388 oar.
784 347 812 388 x.
883 365 888 373 ·
1129 323 1170 390 0¹!

147 486 179 538 et
201 478 297 556 specie
318 495 372 535 sua
390 483 559 544 commovet,
574 476 751 552 maximeque
770 475 852 553 qnasi
872 473 1000 553 perlucet
1012 493 1049 532 ex
1068 473 1119 543 eis,

147 589 221 646 quas
242 567 471 634 commemoravi,
493 566 661 624 virtutibus:
682 566 788 624 idcirco
809 565 880 632 illos,
902 564 1052 639 inquibus
1072 580 1122 622 eas

147 659 270 716 virtutes
284 676 347 714 esse
360 675 464 722 remur,
480 674 497 712 a
510 663 611 712 natura
631 656 694 733 ipsa
710 655 827 734 diligere
840 655 977 732 cogimur.
1019 653 1118 729 Atque
1133 651 1150 711 'l

148 749 196 808 hae
220 747 336 825 quidem
358 763 454 804 causa
474 744 609 822 diligendi
622 744 814 823 gravissima:
836 752 957 820 possunt
969 743 1044 800 enim
1057 761 1132 820 prro·

148 845 229 896 terea
242 835 387 894 nonnullae
401 853 464 892 osse
477 834 605 893 leviores.

190 993 309 1050 Fides
331 1000 427 1049 autem
445 998 479 1050 ut
498 992 646 1058 habeatur,
661 990 774 1050 duabus
792 991 877 1048 rebus
891 989 964 1048 effici
977 994 1081 1066 potest,
1096 986 1119 1046 si
1134 993 1153 1048 8

149 1082 375 1140 existimabimur
395 1081 493 1158 adepti
513 1081 695 1156 conjunctam
716 1100 782 1138 cum
799 1080 910 1158 justitia
930 1077 1119 1156 prudentiam.

149 1173 229 1230 Nam
243 1180 272 1229 et
285 1171 318 1228 iis
332 1170 418 1228 fidem
432 1171 581 1238 habemus,
596 1189 668 1246 quos
690 1170 757 1247 plus
777 1170 943 1250 intelligere,
958 1188 1045 1246 quarn
1057 1186 1119 1236 nos,
1134 1173 1152 1226 9

150 1261 330 1328 arbitramur,
344 1279 473 1336 quosque
494 1268 524 1318 et
544 1260 641 1316 futura
663 1259 824 1338 prospicere
846 1260 996 1328 credimus,
1010 1266 1041 1316 et
1055 1277 1120 1316 cum

149 1369 198 1409 res
212 1359 316 1427 agatur
329 1350 357 1406 in
372 1349 577 1426 discrimenque
591 1355 708 1406 ventum
728 1349 773 1415 sit,
788 1349 922 1426 expedire
936 1368 996 1407 rem
1009 1355 1040 1406 et
1053 1366 1119 1406 oon·

152 1439 245 1498 silium
257 1457 292 1496 ex
302 1446 432 1515 tempore
444 1457 546 1516 capere
562 1457 654 1514 posse.
695 1439 779 1497 Hanc
793 1439 867 1496 enim
881 1439 980 1496 utilem
993 1437 1121 1495 homines

151 1528 314 1586 existimant
327 1546 480 1604 veramque
494 1527 685 1604 prudentiam.
727 1528 745 1586 J
748 1527 818 1584 ustis
838 1535 935 1586 autem
949 1535 979 1584 et
992 1526 1055 1582 fidis
1068 1526 1119 1583 bo·
1135 1530 1173 1583 10

151 1618 284 1684 minibus,
293 1615 322 1674 id
337 1623 381 1674 est
395 1617 476 1675 bonis
486 1617 560 1683 viris,
570 1616 609 1674 ita
623 1617 695 1674 fides
709 1617 839 1682 habetur,
854 1623 888 1674 ut
901 1615 980 1672 nulla
992 1615 1029 1672 sit
1037 1614 1067 1672 in
1077 1613 1121 1672 his

143 1707 261 1764 itandis
274 1706 442 1783 injuriaeque
456 1705 586 1782 suspicio.
622 1707 724 1782 Itaque
739 1705 783 1762 his
798 1705 918 1762 salntem
931 1710 1066 1772 nostram,
1077 1701 1122 1760 bis

151 1795 289 1863 fortunas,
298 1795 343 1853 bis
357 1796 467 1861 liberos
477 1794 631 1853 rectissima
645 1795 784 1854 committi
796 1795 974 1853 arbitramur.
1010 1794 1122 1850 Harum
1136 1797 1172 1851 ll

151 1886 241 1964 igitur
252 1885 372 1942 duarum
383 1883 421 1942 ad
432 1883 518 1942 fidem
528 1884 688 1942 faciendam
699 1884 808 1962 justitia
818 1885 884 1961 plus
895 1884 1000 1962 pollet:
1015 1884 1122 1961 quippe

153 1995 220 2034 cum
244 1993 278 2032 ea
301 1974 360 2032 sine
382 1973 532 2051 prudentia
553 1973 620 2031 satis
640 1974 746 2032 habeat
765 1973 950 2041 auctoritatis,
971 1972 1121 2051 prudentia

153 2065 213 2122 siue
225 2063 334 2140 justitia
347 2059 420 2120 nihil
431 2063 525 2121 valeat
538 2062 575 2120 ad
589 2063 748 2121 taciendam
762 2063 857 2123 fidem.
892 2065 957 2134 Quo
970 2062 1044 2122 enim
1058 2063 1121 2140 quis
1136 2066 1173 2121 12

152 2153 295 2214 versutior
308 2161 338 2210 et
352 2151 480 2210 callidior
500 2158 552 2218 est,
568 2151 623 2210 hoo
642 2152 757 2210 invisior
769 2162 799 2212 et
812 2153 977 2231 suspectior,
992 2153 1122 2211 detracta

153 2242 284 2320 opinione
299 2241 455 2319 probitatis.
497 2241 590 2309 Quam
601 2242 639 2299 ob
653 2261 714 2298 rem
728 2242 920 2321 intelligentiae
930 2242 1042 2319 justitia
1055 2261 1121 2299 con·
1137 2245 1174 2298 la

150 2329 263 2410 juncta,
277 2338 416 2409 quantum
430 2330 516 2398 volat,
531 2329 648 2388 habebit
666 2332 703 2388 ad
723 2330 883 2390 faciendam
902 2331 989 2388 fidem
1003 2331 1122 2398 virium;
1211 2397 1215 2402 ¹

151 2421 263 2499 justitia
276 2420 335 2478 sina
350 2418 501 2498 prudentia
514 2419 636 2478 multum
657 2421 780 2497 poterit;
800 2420 859 2478 sine
870 2419 980 2497 justitia
992 2419 1062 2476 nihil
1074 2437 1122 2478 ra·

153 2511 225 2570 labit
239 2509 399 2588 prudentia.

195 2666 230 2724 X.
246 2665 305 2724 Sed
318 2685 353 2723 ne
367 2666 430 2742 quis
444 2665 480 2723 sit
493 2663 657 2733 admiratus,
673 2685 731 2732 cur,
748 2683 812 2722 cum
832 2663 905 2721 inter
922 2682 1019 2721 omnes
1033 2661 1124 2740 philo-

154 2756 262 2834 sophos
275 2763 394 2822 constet,
410 2773 427 2812 a
441 2774 543 2833 meque
557 2756 619 2832 ipso
635 2774 712 2832 saepe
727 2755 905 2832 disputatum
919 2754 964 2822 sit,
976 2754 1023 2830 qui
1037 2772 1124 2812 unam

154 2845 282 2912 haberet,
292 2865 391 2902 omnes
404 2845 510 2902 habere
520 2845 647 2912 virtutes
658 2864 732 2901 nunc
744 2845 784 2902 ita
798 2843 955 2922 sejungam,
965 2843 1046 2920 quasi
1059 2833 1124 2920 pos·

155 2935 194 2992 sit
207 2935 364 3012 quisquam,
380 2933 428 3010 qui
442 2953 498 2992 non
511 2933 587 2991 idem
602 2933 727 3010 prudens
740 2934 785 2999 sit,
798 2933 893 3010 justus
910 2952 989 2991 esse:
1011 2933 1066 2990 alia
1080 2939 1125 2991 est

154 3023 212 3091 illa,
228 3043 293 3082 cum
306 3025 409 3082 veritas
423 3024 485 3101 ipsa
498 3023 613 3080 limatur
626 3023 654 3080 in
668 3023 868 3100 disputatione,
883 3023 1040 3090 subtilitas;
1061 3023 1123 3092 alia,
1138 3027 1157 3080 2

156 3133 223 3172 cum
237 3113 274 3170 ad
288 3113 447 3191 opinionem
462 3132 641 3170 communem
663 3113 753 3170 omnis
775 3113 1006 3171 accommodatur
1026 3113 1123 3170 oratio.

156 3203 250 3271 Quam
265 3203 384 3270 obrem,
400 3209 434 3259 ut
447 3201 561 3280 vulgus,
575 3202 615 3260 ita
627 3222 680 3262 nos
694 3203 749 3260 hoc
769 3203 833 3260 loco
846 3202 995 3279 loquimur,
1009 3209 1043 3259 ut
1055 3202 1125 3259 alios
1139 3206 1157 3260 8

155 3291 253 3359 fortes,
264 3291 333 3349 alios
343 3292 418 3349 viros
430 3293 527 3359 bonoS,
539 3291 607 3348 alios
621 3292 778 3369 prudentes
789 3311 850 3349 esse
864 3291 1001 3350 dicamus,
1031 3291 1159 3368 Popu-4

154 3381 263 3439 laribus
285 3382 359 3438 enim
373 3381 466 3438 verbis
487 3389 531 3439 est
551 3381 704 3460 agendum,
721 3388 750 3439 et
763 3382 881 3449 usitatis,
897 3402 965 3439 oum
976 3382 1127 3456 loquamur

156 3466 194 3528 de
207 3471 337 3547 opinione
352 3470 492 3547 populari,
504 3471 589 3548 idque
600 3471 701 3528 eodem
712 3471 799 3528 modo
809 3471 877 3529 fecit
886 3469 1039 3527 Panaetius.
1068 3465 1127 3525 Sed

156 3558 195 3618 ad
209 3559 387 3638 propositum
400 3567 584 3618 revertamur.

197 3691 268 3753 Erat
290 3692 379 3770 igitru
402 3710 438 3750 ox
461 3691 560 3759 tribus,
585 3710 651 3769 qna
673 3691 852 3770 adglorians
871 3687 1051 3766 pertinerent
1071 3685 1160 3752 boob
1233 3763 1238 3771 ¹

261 3807 285 3872 0
