2692 4292
465 327 469 334 -
501 307 621 349 maner.
663 309 730 349 cnr.
745 309 842 350 xxm.
1142 294 1182 350 ts

156 437 257 496 cidunt
276 437 455 505 necessariae,
471 437 500 494 in
520 437 623 514 quibus
643 439 783 495 utendum
803 444 847 494 est
866 438 987 496 fortasse
1007 444 1037 494 et
1050 436 1129 494 vocis

61 593 65 598 ,
156 528 337 584 contentione
357 527 466 604 majore
486 535 515 584 et
535 528 687 584 verborum
707 528 849 604 gravitate
862 528 977 593 acriore,
990 526 1023 584 id
1042 545 1128 604 egen·

156 615 228 673 dum
242 617 328 673 etiem
342 624 375 673 ut
388 635 423 672 ea
435 617 530 674 iacere
544 616 691 673 videamur
710 617 791 674 irati:
812 617 864 674 sed
884 623 918 673 ιιι
930 616 968 673 ad
987 615 1129 674 urendum

105 757 108 764 .
156 712 187 761 et
201 705 365 772 secandum,
382 705 422 764 sic
436 705 474 762 ad
489 705 544 762 hoc
558 724 648 782 genus
669 705 828 783 castigandi
846 724 911 762 raro
930 705 1065 780 invitique
1079 723 1128 762 ve-

156 794 276 860 niemus,
305 813 357 852 nec
386 813 519 871 unquam,
549 795 599 851 nisi
626 795 793 862 necessario,
818 795 842 852 si
868 795 946 853 nulla
972 795 1130 872 reperietur

155 882 212 940 alia
236 883 381 940 medicina.
423 883 482 942 Sed
504 890 599 941 tamen
619 884 660 942 ira
681 883 782 960 procul
801 884 886 950 absit,
902 903 969 941 cum
982 902 1040 961 qua
1059 883 1128 942 nihil

157 978 234 1032 recte
248 972 316 1039 fieri,
330 972 399 1029 nihil
413 971 588 1029 considerate
603 979 708 1050 potest.
750 973 885 1050 Magnam
905 980 1003 1030 autem
1017 980 1128 1049 partem
1142 978 1161 1029 4

158 1061 289 1120 clementi
304 1061 488 1140 castigatione
503 1062 569 1120 licet
579 1062 630 1128 uti,
640 1061 782 1140 gravitate
792 1069 888 1119 tamen
901 1063 1047 1140 adjuncta,
1056 1068 1090 1119 ut
1099 1067 1129 1118 et

157 1151 293 1208 severitas
307 1151 485 1218 adhibeatur,
497 1159 527 1208 et
541 1151 712 1210 contumelia
725 1151 887 1228 repellatur.
928 1153 1028 1227 Atque
1042 1151 1159 1208 etiams

157 1240 228 1298 illud
242 1241 345 1317 ipsum,
360 1240 438 1316 qnod
452 1240 613 1299 acerbitatis
628 1241 717 1298 babet
730 1241 901 1318 objurgatio,
910 1240 1129 1320 significandum

157 1337 210 1397 est,
221 1330 310 1407 ipsius
322 1331 352 1387 id
363 1349 458 1397 causa,
469 1330 518 1406 qui
531 1331 708 1408 objurgetur,
719 1349 782 1388 esse
796 1340 972 1408 susceptum.
1004 1331 1128 1388 Rectum
1142 1333 1160 1386 6

157 1428 202 1478 est
216 1427 314 1477 autem
334 1420 420 1478 etiam
439 1420 469 1476 in
487 1419 541 1478 illis
562 1419 797 1486 contentionibus,
811 1439 876 1496 quae
890 1440 956 1478 cum
974 1419 1128 1478 inimicissi-

156 1509 212 1568 mis
226 1510 307 1577 fiunt,
321 1509 432 1566 etiamsi
444 1510 527 1567 nobis
540 1509 655 1586 indigna
676 1508 835 1576 audiamus,
848 1516 945 1566 tamen
958 1511 1129 1586 gravitatem

156 1599 287 1667 retinere,
302 1599 477 1658 iracundiam
491 1598 605 1676 pellere.
648 1598 720 1666 Quae
740 1597 894 1656 enimcum
908 1599 1002 1675 aliqua
1015 1606 1125 1676 pertur·
1139 1606 1160 1662 'l

156 1689 272 1746 batione
284 1689 364 1756 fiunt,
379 1707 414 1746 ea
427 1707 480 1746 nec
500 1693 663 1746 constanter
683 1687 743 1744 fieri
763 1694 891 1765 possunt,
905 1705 997 1764 neque
1016 1687 1058 1756 iis,
1079 1690 1128 1766 qui

156 1777 270 1845 adsunt,
282 1777 404 1855 probari.
444 1778 581 1836 Deforme
595 1778 681 1835 etiam
694 1784 748 1844 est,
760 1777 796 1834 de
810 1796 842 1835 se
854 1777 949 1854 ipsum
962 1777 1126 1854 predicare,
1141 1787 1160 1840 8

156 1867 230 1924 salsa
244 1867 412 1943 praesertim,
427 1875 537 1926 etcum
550 1867 676 1926 irrisione
696 1866 870 1924 audientium
889 1867 991 1926 imitari
1009 1868 1127 1928 militem

156 1955 323 2034 gloriosum.

197 2134 330 2194 ΧΧΧΙΧ.
346 2137 384 2195 Ει
398 2136 531 2213 quoniam
545 2136 638 2194 omnia
651 2136 855 2214 persequimur,
866 2137 997 2196 volumus
1010 2139 1126 2216 quidem

153 2233 243 2293 uerte,
254 2226 405 2284 dicendum
415 2233 459 2284 est
469 2226 563 2294 etiam,
574 2226 689 2302 qualem
702 2227 822 2284 hominis
836 2228 967 2286 honorati
980 2235 1010 2286 et
1023 2230 1124 2305 princi-

156 2315 201 2393 pis
214 2315 298 2373 dom
306 2335 364 2373 um
378 2316 491 2393 placeat
504 2335 584 2374 esse:
601 2316 685 2393 cujus
698 2316 760 2372 finis
776 2324 820 2374 est
833 2336 912 2383 suus,
927 2317 965 2373 ad
979 2336 1065 2393 quem
1078 2337 1124 2377 ac-

157 2405 366 2463 commodanda
386 2413 429 2463 est
450 2405 609 2463 aedificandi
629 2405 791 2482 descriptio,
806 2412 943 2462 ettamen
964 2406 1126 2464 adhibenda

156 2495 364 2554 commoditatis
378 2495 581 2572 dignitatisque
596 2494 748 2572 diligentia.
791 2495 843 2550 On.
860 2493 990 2561 Octavio,
1005 2495 1054 2570 qui
1068 2497 1124 2572 pri-
1139 2504 1156 2556 2

156 2603 221 2642 mus
235 2605 270 2642 ex
283 2585 331 2642 ilia
344 2585 450 2642 familia
463 2585 561 2642 consul
575 2584 668 2642 factus
680 2592 733 2650 est,
744 2583 844 2641 honori
857 2582 943 2640 fuisse
953 2584 1123 2661 accepimus,

157 2674 235 2750 quod
255 2674 422 2751 praeclaram
442 2675 609 2732 aedificasset
628 2674 657 2730 iu
676 2673 789 2730 Palatio
802 2679 833 2730 et
846 2672 961 2750 plenam
979 2673 1124 2752 dignitatis
1153 2666 1157 2674 ’

157 2765 292 2822 domum:
315 2784 379 2842 quae
394 2785 459 2822 cum
472 2765 559 2843 vulgo
573 2765 719 2833 viseretur,
734 2765 894 2842 suffragata
913 2765 1036 2833 domino,
1050 2786 1125 2826 novo

157 2853 271 2920 homini,
283 2854 321 2910 ad
332 2854 511 2912 consulatum
526 2854 692 2930 putabatur.
735 2855 818 2912 Hanc
833 2855 958 2913 Scaurus
971 2856 1123 2915 demolitus
1138 2865 1155 2917 3

71 3025 76 3035 ‚
157 2943 344 3002 accessionem
364 2943 494 3021 adjunxit
518 2944 635 3002 sedibus.
679 2944 781 3021 Itaque
801 2945 848 3002 ille
861 2944 891 3001 in
910 2963 992 3002 suam
1005 2946 1124 3005 domum

156 3120 185 3178 in
211 3120 329 3180 domum
352 3121 569 3198 multiplicatam
592 3142 649 3182 non
669 3124 813 3200 reprdsam
833 3123 927 3181 solum
946 3125 1051 3192 retulit,
1072 3126 1124 3184 sed

155 3210 334 3288 ignominiam
350 3211 435 3268 etiam
449 3219 479 3268 et
493 3212 692 3270 calamitatem.
734 3213 872 3270 Ornanda
885 3221 929 3270 est
943 3214 1018 3272 enim
1032 3215 1122 3293 digni·
1136 3219 1156 3272 4

155 3306 199 3358 tas
214 3299 308 3367 domo,
323 3319 379 3358 non
393 3319 429 3357 ex
443 3299 529 3358 domo
542 3308 603 3358 tota
617 3303 788 3378 quaerenda:
810 3321 862 3360 nec
883 3303 968 3361 domo
983 3303 1122 3370 dominus,

155 3388 206 3446 sed
220 3389 334 3447 domino
348 3389 450 3446 domus
465 3390 641 3447 honestanda
655 3398 708 3449 est.
742 3393 781 3449 Et
790 3399 824 3449 ιιι
837 3392 866 3449 in
876 3392 977 3450 ceteris
990 3391 1123 3447 habenda
1137 3401 1155 3452 t

155 3479 226 3537 ratio
239 3498 297 3536 non
310 3498 362 3536 sua
382 3479 483 3546 solum,
498 3480 550 3537 sed
570 3481 655 3538 etiam
680 3481 815 3538 eliorum:
837 3481 876 3538 sic
897 3481 926 3536 in
945 3479 1032 3536 domo
1055 3478 1123 3535 clari

154 3567 283 3635 hominis,
298 3568 427 3645 inquam
442 3574 471 3625 et
485 3568 610 3644 hospites
630 3570 714 3627 multi
726 3568 887 3645 recipiendi,
902 3574 932 3623 et
945 3565 1122 3624 admittenda

154 3657 301 3720 hominum
314 3658 452 3736 cujusque
466 3659 544 3717 modi
559 3658 722 3726 multitudo,
738 3655 901 3716 adhibenda
914 3672 983 3713 cura
995 3661 1041 3712 est
1053 3654 1122 3725 laxi-

657 3755 675 3804 5
