2692 4292
166 293 205 352 bb
424 311 462 350 nr
477 309 604 350 cericus
619 309 704 350 uara
718 311 738 350 1.
779 307 845 350 cue.
860 309 925 349 ιιι.

221 437 295 498 cium
318 439 405 496 studii
423 445 583 514 quaereret;
604 447 666 496 tum
687 438 799 504 docere,
813 445 876 496 tum
891 436 999 496 discere
1011 437 1107 505 vellet,
1114 443 1189 494 tum

167 534 204 587 12
219 528 325 594 audire,
340 536 403 585 tum
417 528 519 586 dicere.
561 528 639 606 Ergo
653 547 737 586 omne
757 528 890 594 officium,
905 526 983 604 quod
996 526 1036 584 ad
1049 527 1187 604 conjunc-

218 618 324 676 tionem
344 617 491 675 bominum
511 625 540 676 et
560 617 598 674 ad
619 618 785 676 societatem
804 617 942 674 tuendam
960 617 1044 683 valet,
1066 624 1186 694 antepc

217 707 344 766 neudum
357 715 401 764 est
414 706 454 764 illi
468 707 565 774 officio,
576 708 655 784 quod
669 706 830 785 cognitione
842 715 872 764 et
884 705 1001 764 scientia
1014 706 1186 764 continetur.

256 976 346 1034 XLV.
362 974 439 1034 Illud
453 975 570 1034 forsitan
580 976 767 1053 quaerendum
777 976 823 1042 sit,
833 993 903 1032 num
912 974 977 1031 baec
987 973 1186 1039 communitas,

216 1083 282 1142 quae
306 1066 427 1124 maxime
452 1073 496 1122 est
515 1073 584 1142 apta
604 1073 722 1131 naturae,
744 1065 782 1122 sit
800 1064 888 1122 etiam
913 1063 1101 1122 moderationi
1124 1081 1186 1119 mo-

185 1155 375 1231 idestiaeque
397 1172 510 1230 semper
531 1155 739 1231 anteponenda.
780 1153 848 1210 Non
869 1153 974 1230 placet.
1015 1151 1090 1210 Sunt
1110 1152 1187 1210 enim

216 1245 352 1320 quaedam
376 1243 479 1320 partim
503 1243 542 1300 ita
566 1243 655 1310 foeda,
680 1243 785 1320 partim
808 1242 849 1300 ita
871 1242 1021 1320 flagitiosa,
1043 1249 1131 1299 ntea
1149 1261 1186 1300 ue

217 1333 418 1391 conservande
431 1331 546 1408 quidem
562 1332 661 1409 petris
682 1351 769 1390 causa
789 1331 901 1409 sapiens
914 1332 1044 1388 facturus
1057 1331 1101 1389 sit
1142 1332 1186 1388 Ea

216 1422 385 1483 Posidonius
410 1422 524 1501 collegit
548 1421 699 1501 permulta,
725 1422 776 1479 sed
800 1422 842 1479 ita
865 1429 952 1480 taetra
979 1421 1121 1497 quaedam,
1145 1420 1186 1478 ita

184 1519 202 1572 3
217 1513 361 1580 obscenus,
373 1521 407 1570 ut
417 1513 496 1570 dictu
507 1531 621 1590 quoque
632 1512 783 1570 videantur
796 1511 899 1588 turpia.
940 1509 1015 1570 Haec
1029 1511 1117 1588 igitur
1129 1529 1187 1568 non

217 1603 351 1680 suscipiet
372 1602 413 1660 rei
435 1602 558 1681 publicae
580 1619 666 1660 causa
677 1621 686 1668 ;
705 1619 742 1659 ne
762 1619 808 1658 res
829 1601 945 1677 publica
957 1601 1074 1677 quidem
1089 1619 1142 1677 pro
1154 1618 1187 1658 se

184 1693 322 1769 4suscipi
335 1693 420 1750 volet.
463 1691 522 1749 Sed
536 1693 601 1748 heec
622 1690 801 1748 commodius
814 1708 845 1747 se
859 1708 906 1747 res
919 1690 1018 1755 babet,
1032 1689 1110 1766 qood
1130 1709 1187 1746 non

218 1790 313 1858 potest
327 1782 455 1839 accidere
469 1789 593 1858 tempus,
608 1788 642 1837 ut
654 1779 766 1837 intersit
779 1780 820 1837 rei
840 1780 972 1856 publicae,
987 1779 1141 1855 quiequam
1155 1779 1186 1836 il·

185 1879 202 1930 5
224 1871 316 1929 lorum
330 1871 423 1928 facere
437 1871 604 1946 sapientem.
646 1870 742 1938 Quare
755 1870 810 1926 boc
823 1868 940 1946 quidem
953 1867 1087 1926 effectum
1100 1869 1144 1934 sit,
1158 1868 1188 1925 in

217 1959 314 2018 officiis
328 1959 485 2036 deligendis
498 1959 528 2017 id
542 1977 633 2038 genus
654 1959 810 2016 officiorum
830 1958 977 2024 excellere,
992 1956 1071 2034 quod
1091 1964 1187 2015 tenea-

184 2053 203 2106 6
217 2055 264 2106 tur
277 2047 423 2105 hominum
438 2048 581 2106 societate.
614 2047 728 2106 Etenim
743 2047 934 2126 cognitionem
948 2046 1188 2123 prudentiamque

218 2137 345 2213 sequitur
355 2137 534 2195 considerata
545 2137 628 2195 actio.
662 2138 709 2194 lta
718 2138 760 2204 fit,
772 2145 806 2194 ιιι
814 2155 900 2214 agere
911 2136 1088 2194 considerate
1099 2136 1188 2213 pluris

185 2226 202 2286 '1
218 2227 265 2294 sit,
276 2245 362 2303 quam
377 2228 504 2304 cogitare
520 2227 683 2304 prudenter.
719 2227 818 2302 litque
832 2227 894 2283 hoec
908 2226 1025 2302 quidem
1038 2225 1187 2283 hactenus.

217 2316 384 2374 Patefactus
404 2325 449 2374 est
468 2317 543 2374 enim
563 2317 642 2374 locus
663 2316 733 2392 ipse,
749 2325 851 2373 utnon
871 2316 909 2373 sit
922 2315 1035 2372 difficile
1048 2315 1077 2372 in
1090 2315 1187 2391 exqui-

186 2405 307 2464 arendo
331 2407 430 2474 officio,
455 2407 524 2484 quid
548 2405 650 2482 cuique
677 2404 715 2462 sit
746 2404 981 2482 praeponendum,
1006 2404 1112 2462 ridere.
1153 2405 1189 2460 In

218 2495 280 2574 ipsa
292 2505 389 2555 autem
404 2495 607 2554 communitate
622 2502 689 2552 sunt
708 2493 817 2572 gradus
830 2494 1003 2552 officiorum:
1025 2512 1061 2551 ex
1074 2493 1187 2570 quibua,

218 2585 287 2663 quid
301 2587 402 2663 cuique
417 2592 543 2662 praestet,
558 2584 678 2662 intelligi
691 2584 797 2660 possit:
817 2592 852 2640 ιιι
864 2583 956 2660 prima
969 2583 1023 2640 diis
1043 2582 1187 2639 immorta-

218 2675 301 2740 libus,
317 2675 442 2732 seounda
463 2675 572 2751 patries,
595 2673 679 2731 tertia
700 2673 874 2749 parentibus,
889 2672 1023 2751 deinceps
1043 2671 1188 2750 gradatim

186 2763 331 2839 areliquis
346 2762 513 2820 debeantur.
556 2763 667 2832 Quibus
681 2781 717 2820 ex
731 2763 817 2820 rebus
832 2763 954 2820 breviter
973 2761 1127 2839 disputatis
1147 2761 1188 2817 in·

219 2852 309 2929 telligi
323 2858 428 2928 potest,
444 2871 500 2908 non
520 2851 612 2909 solum
634 2853 662 2910 id
684 2852 813 2909 homines
834 2853 925 2910 solere
946 2851 1087 2916 dubitare,
1101 2851 1188 2908 hone-

220 2947 341 3007 stumne,
355 2959 392 2998 an
406 2949 490 3018 turpe
504 2941 556 2998 sit:
578 2941 629 2998 ssd
650 2941 745 3007 etiam,
761 2940 876 2998 duobus
890 2941 1041 3018 propositis
1053 2940 1189 3008 honestis,

168 3036 206 3088 10
220 3036 317 3088 utrum
339 3029 494 3088 honestius.
536 3030 591 3087 Hic
613 3031 694 3088 locus
714 3049 733 3087 a
752 3030 881 3087 Panaetio
894 3038 947 3097 est,
960 3038 994 3087 ut
1013 3048 1102 3108 supra
1122 3029 1189 3100 dixi,

221 3119 443 3200 praetermissus.
486 3119 545 3178 Sed
557 3120 619 3198 jam
632 3119 671 3178 ad
685 3120 795 3197 reliqua
808 3137 974 3198 pergamus.
