2692 4292
519 321 604 360 nmns
617 321 648 360 11.
690 321 756 360 oss.
772 321 823 360 vm
1141 305 1180 360 68

173 479 176 484 Δ
202 449 267 507 Hoc
286 449 375 528 igitur
394 450 517 527 cognito,
538 449 691 508 dicendum
712 456 764 516 est,
785 467 909 526 quonam
928 447 1016 506 modo
1035 445 1160 506 homi-d

157 557 230 596 num
244 539 380 596 studia
393 539 431 596 ed
443 539 576 624 utilitatqs
587 547 698 596 nostras
707 539 819 596 allicere
828 545 914 615 atque
924 539 1046 596 excitare
1061 556 1126 614 pos-

159 628 259 685 simus.
302 629 375 696 Quae
390 629 414 684 si
427 628 537 706 longior
550 627 635 685 fuerit
649 628 747 695 oratic,
762 647 829 684 cum
843 628 1038 704 magnitudine
1051 627 1125 684 utili·
1141 626 1158 684 '1

159 717 229 774 tatis
240 724 438 792 comparetur;
460 717 499 773 ita
512 717 634 774 fortasse
647 717 734 773 etiam
748 717 859 774 brevior
867 717 1017 774 videbitur.
1039 717 1126 783 Quia·

161 825 273 881 cunque
295 806 381 883 igitur
402 805 531 863 homines
550 807 657 862 homini
679 806 807 862 tribuunt
825 806 862 862 ad
884 825 950 862 cum
963 805 1158 881 augendum8

160 901 249 970 etque
262 895 480 973 honestandum,
492 901 544 952 aut
556 894 752 976 benivolentiae
767 895 858 971 gratia
871 893 986 959 iaciunt,
998 913 1064 950 cum
1076 894 1126 950 ali·

160 1001 219 1058 qua
233 983 270 1039 de
284 1001 369 1040 causa
383 984 544 1060 quempiam
555 984 694 1061 diligunt3
715 991 766 1039 aut
779 983 900 1048 honoris,
912 983 935 1039 si
948 980 1030 1058 cujus
1040 982 1140 1038 virtu·-

161 1079 221 1128 tem
244 1071 409 1148 suspiciunt,
425 1091 566 1148 quemque
581 1073 700 1150 dignum
721 1073 836 1128 fortuna
848 1089 934 1148 quam
953 1071 1128 1147 amplissima

162 1167 284 1236 potant;
306 1168 356 1218 eut
376 1161 421 1218 cui
443 1160 529 1218 fidem
550 1161 663 1228 habent,
679 1168 710 1218 ct
724 1162 796 1219 bene
809 1162 895 1220 rebus
908 1161 967 1218 suis
980 1160 1127 1218 consulere

161 1250 352 1316 arbitrantur;
373 1258 424 1307 aut
444 1251 526 1326 cujus
546 1267 617 1327 opes
637 1257 787 1316 metuunt;
808 1257 859 1307 aut
871 1257 978 1316 contra,
992 1269 1010 1306 a
1023 1250 1127 1326 quibus

161 1339 268 1415 aliquid
289 1347 452 1416 expectant,
466 1347 499 1396 ut
519 1359 586 1396 cum
604 1358 688 1418 reges
702 1341 888 1417 popularesve
902 1340 1029 1397 homines
1042 1339 1127 1416 largi·

160 1429 253 1485 tiones
272 1429 379 1504 aliquas
400 1437 580 1505 proponunt;
604 1437 655 1486 aut
675 1437 819 1506 postremo
839 1429 978 1504 pretioso
996 1428 1159 1486 mercedet)

160 1518 314 1585 ducuntur,
329 1537 395 1594 quae
418 1518 610 1576 sordidissima
624 1525 668 1575 est
685 1518 733 1574 illa
746 1517 860 1593 quidem
873 1517 945 1574 ratio
958 1524 988 1574 et
1000 1517 1126 1592 inquina-

159 1608 277 1675 tissima,
290 1615 318 1664 et
331 1608 373 1675 iis,
388 1608 437 1684 qui
447 1627 480 1664 ea
493 1616 634 1674 tenentur,
646 1615 677 1664 et
689 1607 752 1674 illis,
766 1607 835 1682 quid
848 1606 886 1662 sd
896 1624 960 1662 eam
974 1606 1128 1682 confugere

161 1705 307 1754 conantur.
349 1697 425 1755 Male
445 1697 519 1754 enim
538 1715 568 1754 se
587 1715 633 1753 res
646 1697 742 1760 habet,
757 1715 832 1761 cum,
847 1695 924 1771 quod
938 1695 1043 1752 virtute
1055 1694 1128 1752 effici
1142 1699 1180 1753 10

161 1786 257 1853 debet,
272 1786 302 1844 id
322 1793 448 1844 tentatur
468 1786 596 1863 pecunia
638 1785 697 1843 Sed
711 1785 844 1861 quoniam
857 1803 1059 1860 nonnunquam
1072 1784 1127 1842 lioc

161 1875 319 1933 subsidium
342 1876 530 1932 necessarium
551 1883 604 1942 est,
619 1875 862 1952 quemadmodum
875 1874 913 1930 sit
930 1874 1068 1932 utendum
1082 1893 1126 1941 eo,

117 1993 118 1998 κ
161 1963 296 2031 dicemus,
312 1965 335 2022 si
355 1965 433 2042 prius
455 1965 487 2022 iis
510 1964 659 2030 derebus,
681 1983 747 2041 quae
768 1964 865 2022 virtuti
886 1964 1031 2041 propiores
1051 1970 1126 2031 suut,

161 2053 322 2111 dixerimus.
364 2055 462 2130 Atque
477 2054 561 2110 etism
575 2053 728 2130 subjiciunt
741 2073 772 2112 se
785 2054 913 2110 homines
926 2054 1044 2130 imperio
1057 2054 1125 2110 alte·
1142 2058 1177 2110 11

160 2143 219 2200 rius
230 2151 259 2202 et
272 2143 406 2220 potestati
416 2143 452 2200 de
467 2143 558 2200 causis
573 2142 709 2219 pluribus.
737 2143 889 2200 Ducuntur
898 2143 972 2200 enim
986 2151 1037 2200 aut
1050 2143 1125 2202 beni·
1142 2148 1178 2199 12

161 2232 292 2300 volentia,
308 2240 358 2289 aut
378 2232 577 2290 beneficiorum
600 2232 802 2310 magnitudine,
818 2240 869 2289 ant
886 2231 1032 2309 dignitatis
1050 2251 1126 2308 prae·

162 2322 275 2388 stantia,
291 2329 342 2378 aut
355 2341 416 2399 spe,
433 2322 485 2378 sibi
498 2321 526 2378 id
541 2322 609 2378 utile
623 2321 823 2387 futurumne
836 2328 924 2387 metu,
937 2341 973 2378 ne
986 2321 1014 2377 vi
1028 2339 1127 2397 parere

162 2419 309 2488 cogantur,
325 2419 375 2468 aut
395 2430 446 2487 spe
466 2411 619 2488 largitionis
636 2410 836 2487 promissisque
850 2410 934 2486 capti,
948 2415 999 2466 eut
1018 2417 1126 2485 postre-

162 2519 220 2567 mo,
239 2509 272 2558 ut
293 2518 370 2578 saepe
392 2501 421 2558 iu
443 2507 540 2558 nostra
561 2519 591 2557 re
613 2500 729 2577 publica
749 2499 888 2565 videmus,
907 2498 1039 2556 mercede
1060 2517 1126 2556 con-

163 2589 250 2648 ducti.

203 2767 272 2826 VII.
295 2768 429 2826 Omnium
451 2775 546 2826 autem
569 2787 663 2825 rerum
684 2785 736 2824 nec
756 2766 851 2843 aptius
869 2773 913 2824 eet
925 2766 1075 2844 quicquam
1088 2765 1127 2825 ad

164 2876 234 2933 opes
246 2857 366 2914 tuendas
380 2877 413 2915 cc
427 2857 572 2923 tenendas,
588 2875 675 2933 quam
688 2855 774 2934 diligi,
788 2875 841 2914 nec
854 2856 978 2925 alienius,
993 2875 1080 2934 quam
1092 2857 1127 2915 li-

164 2946 241 3004 meri.
282 2945 424 3004 Praeclare
438 2946 512 3004 enim
526 2945 647 3004 Ennius:
1140 2953 1158 3005 2

181 3077 268 3150 Quem
280 3057 415 3146 metuunt,
430 3078 563 3135 oderunt:
585 3097 664 3152 quem
679 3079 793 3152 quisque
806 3077 873 3144 odit,
883 3079 998 3152 periisse
1010 3080 1116 3154 expetit.

165 3219 321 3277 Multorum
342 3228 438 3278 autem
461 3221 531 3278 odiis
550 3221 642 3278 nullas
661 3239 733 3298 opes
751 3239 835 3298 posse
848 3221 992 3288 obsistere,
1007 3222 1031 3279 si
1044 3229 1159 3280 anteat

165 3308 218 3366 fuit
232 3309 368 3386 ignotum,
384 3329 475 3386 nuper
488 3318 532 3366 est
550 3309 703 3387 cognitum
744 3310 805 3366 Nec
819 3329 888 3368 vero
907 3311 994 3388 hujus
1016 3311 1128 3388 tyranni
1141 3317 1161 3369 4

167 3399 267 3464 solum,
283 3417 366 3474 quem
381 3399 465 3456 armis
485 3417 621 3476 oppressa
642 3398 758 3474 pertulit
778 3399 884 3466 civitas,
898 3406 1036 3476 paretque
1050 3417 1128 3456 cum-

166 3487 286 3544 maxime
310 3495 430 3554 mortu0‚
454 3488 582 3545 interitus
606 3487 740 3555 declarat,
761 3494 899 3564 quantum
919 3487 1016 3544 odium
1039 3485 1128 3544 homi·

166 3595 235 3632 num
249 3576 342 3632 valeat
355 3576 392 3634 ad
407 3583 517 3653 pestem
529 3595 536 3641 ;
556 3576 607 3634 sed
621 3577 792 3652 reliquorum
812 3576 915 3633 similes
929 3575 1020 3631 exitus
1033 3580 1129 3650 tyran·

167 3683 276 3731 norum,
291 3683 417 3741 quorum¹
431 3665 509 3722 haud
529 3665 588 3722 tere
601 3665 751 3742 quisquam
762 3665 852 3721 talem
863 3662 1007 3720 interitum
1019 3659 1129 3743 effugit.
