2692 4292
679 284 699 324 0

544 407 630 446 mana
644 407 663 446 1.
706 408 771 447 OAP.
787 407 826 447 IV.

175 555 208 594 se
228 536 435 603 accommodat,
450 537 566 613 paulum
580 537 734 593 admodum
749 537 871 593 sentiens
891 535 1069 614 praetcritum
1089 541 1140 592 aut

175 627 312 684 futurum.
355 625 450 683 Homo
481 632 585 692 autem,
608 625 685 702 quod
714 625 829 681 rationis
849 633 893 682 est
917 626 1067 701 particeps,
1088 643 1141 702 per

176 735 262 793 quam
291 715 489 790 consequentia
513 716 608 780 cernit,
631 733 732 772 causas
759 734 854 772 rerum
877 715 964 779 videt,
985 733 1140 790 carumque

175 824 344 883 progressus
364 812 394 861 et
414 805 493 880 quasi
513 805 718 861 antecessiones
737 823 793 861 non
812 804 931 881 ignorat,
946 803 1139 861 similitudines

176 900 331 970 comparat,
346 893 488 969 rebusque
510 894 698 971 praesentibus
712 893 844 970 adjungit
857 901 943 968 atque
957 891 1082 950 adnectit
1094 892 1139 950 lu-

175 990 272 1048 turas;
294 982 376 1039 facile
390 982 477 1039 totius
493 983 559 1040 vitae
576 1001 690 1039 cursum
700 982 785 1047 videt,
797 982 834 1038 ad
849 1000 967 1057 eamque
978 981 1138 1058 degendam

176 1079 322 1150 praeparat
342 1090 388 1128 res
407 1072 587 1128 necessarias.
628 1071 793 1148 Eademque
807 1077 907 1127 natura
920 1071 948 1128 vi
961 1071 1075 1128 rationis
1088 1071 1138 1128 ho
1152 1075 1172 1128 4

175 1163 281 1220 minem
301 1161 429 1218 conciliat
448 1161 553 1218 homini
574 1168 602 1217 et
623 1161 659 1218 ad
681 1161 813 1218 orationis
833 1161 912 1217 etad
933 1160 1001 1218 vitae
1021 1159 1139 1216 societa-

176 1261 244 1318 tem,
259 1252 459 1328 ingeneratque
478 1249 506 1306 in
528 1250 625 1326 primis
646 1251 821 1327 praecipuum
840 1249 992 1326 quemdam
1012 1267 1140 1307 amorem

175 1341 204 1398 in
225 1360 280 1407 eos,
297 1341 344 1416 qui
364 1340 505 1416 procreati
526 1347 600 1404 sunt,
622 1339 806 1416 impellitque,
828 1348 860 1396 ut
880 1339 1027 1396 hominum
1046 1346 1140 1396 coetus

176 1437 206 1488 et
226 1430 427 1488 celebrationes
447 1438 477 1486 et
490 1448 560 1496 esse,
576 1436 605 1487 et
619 1447 636 1484 a
650 1448 681 1486 se
695 1429 764 1487 obiri
777 1429 854 1495 velit,
869 1429 907 1487 ob
921 1447 1025 1505 easque
1038 1446 1140 1486 causas

176 1520 290 1578 studeat
317 1514 418 1596 parare
441 1537 483 1584 ea,
506 1538 571 1596 quae
594 1518 779 1594 suppeditent
805 1525 836 1574 ct
861 1517 898 1575 ad
919 1518 1028 1574 cultum
1048 1525 1079 1574 et
1101 1517 1139 1575 ad

176 1609 291 1674 victum,
314 1627 366 1665 nec
387 1607 439 1666 sibi
460 1608 518 1674 soli,
543 1607 593 1664 sed
615 1607 738 1684 conjugi,
759 1607 861 1672 liberis,
883 1607 1048 1682 ceterisque,
1066 1625 1139 1682 quos

177 1717 256 1757 caros
276 1697 381 1755 habeat
402 1697 530 1773 tuerique
551 1697 663 1755 debeat.
705 1697 778 1764 Quae
799 1714 867 1752 cura
887 1695 1041 1753 exsuscitat
1054 1697 1140 1754 etiam

177 1787 284 1844 animos
308 1793 337 1844 et
361 1787 483 1863 majores
503 1786 540 1843 ad
560 1805 620 1842 rem
640 1785 795 1864 gerendam
815 1784 891 1842 facit.
933 1785 968 1842 In
987 1785 1172 1862 primisqueb

177 1877 296 1934 hominis
310 1883 353 1934 est
363 1876 478 1953 propria
488 1875 547 1932 veri
560 1876 701 1951 inquisitio
714 1883 800 1951 atque
810 1874 995 1952 investigatio.
1037 1875 1140 1953 Itaque

177 1985 242 2024 cum
256 1983 353 2022 sumus
374 1964 536 2022 necessariis
556 1965 676 2042 negotiis
696 1965 826 2041 curisque
840 1965 930 2032 vacui,
945 1972 1007 2022 tum
1024 1983 1140 2024 avemus

176 2055 280 2132 aliquid
294 2053 398 2121 videre,
414 2055 521 2122 audire,
537 2053 700 2110 addiscere:
723 2054 968 2132 cognitionemque
982 2073 1075 2112 rerum
1089 2062 1141 2112 aut

176 2147 351 2203 occultarum
363 2151 413 2200 aut
423 2143 628 2201 admirabilium
641 2143 679 2200 ad
693 2144 776 2201 beate
789 2142 940 2200 vivendum
953 2144 1140 2202 necessariam

177 2235 315 2292 ducimus,
356 2233 400 2290 Ex
420 2252 477 2310 quo
505 2233 677 2310 intelligitur,
702 2233 780 2309 quod
808 2252 914 2298 verum,
937 2233 1057 2309 simplex
1084 2233 1139 2291 sin·

177 2343 328 2399 ceramque
349 2323 392 2389 sit,
414 2322 443 2379 id
464 2341 525 2379 esse
552 2329 662 2380 naturae
691 2322 810 2379 hominis
838 2323 1023 2398 aptissimum.
1064 2322 1140 2380 Huic
1154 2327 1193 2381 6·-

177 2413 236 2471 veri
249 2412 362 2469 videndi
376 2411 523 2488 cupiditati
543 2411 681 2489 adjuncta
694 2421 739 2469 est
752 2411 890 2489 appetitio
910 2411 1043 2486 quaedam
1064 2412 1139 2487 prin-

177 2503 295 2578 cipatus,
311 2509 343 2558 ut
362 2501 464 2558 nemini
485 2520 584 2578 parere
606 2502 715 2558 animus
737 2503 809 2560 bene
829 2501 995 2557 informatus
1008 2519 1025 2556 a
1039 2508 1141 2558 natura

178 2591 253 2658 velit,
268 2591 319 2648 nisi
340 2591 520 2668 praecipienti,
535 2598 585 2647 aut
606 2590 727 2657 docenti,
743 2598 795 2647 aut
818 2589 947 2646 utilitatis
961 2607 1048 2646 causa
1063 2590 1141 2667 juste

178 2687 208 2738 et
227 2681 349 2758 legitime
369 2679 533 2756 imperanti:
556 2699 593 2754 eq
612 2699 668 2756 quo
689 2679 856 2757 magnitudo
877 2678 960 2736 animi
980 2679 1074 2737 existit
1087 2681 1141 2737 hu-

178 2788 379 2846 manarumque
402 2789 497 2826 rerum
521 2769 701 2846 contemptio.
743 2770 805 2827 Nec
829 2788 897 2826 vero
919 2770 968 2826 illa
991 2789 1079 2847 parva
1099 2770 1173 2828 visi

177 2867 285 2916 naturae
306 2866 350 2916 est
367 2858 546 2936 rationisque,
570 2859 646 2935 quod
668 2879 756 2916 unum
776 2859 831 2916 hoc
845 2860 947 2916 animal
965 2860 1058 2928 sentit,
1073 2860 1143 2937 quid

179 2950 215 3006 sit
232 2949 311 3016 ordo,
326 2949 394 3026 quid
408 2949 452 3016 sit,
467 2948 545 3024 quod
564 2950 674 3016 deceat,
689 2949 717 3005 in
730 2949 812 3006 factis
830 2949 967 3026 dictisque
981 2951 1030 3027 qui
1043 2951 1154 3009 medrus.

179 3039 280 3114 Itaque
307 3057 405 3096 eorum
432 3039 566 3115 ipsorum,
596 3057 661 3115 quae
689 3046 809 3116 aspectu
840 3039 1006 3107 sentiuntur,
1031 3040 1142 3097 nullum

178 3128 255 3184 aliud
285 3128 387 3185 animal
418 3127 666 3206 pulchritudinem,
698 3136 886 3195 venustatem,
919 3130 1142 3188 convenientiam

178 3217 301 3295 partium
331 3218 422 3275 sentit.
465 3219 558 3286 Quam
585 3217 794 3276 similitudinem
821 3227 924 3276 natura
950 3219 1078 3297 ratioque
1105 3220 1175 3277 ab&
1205 3238 1337 3274 ..ν-ν·

178 3307 266 3365 oeulis
287 3307 324 3365 ad
344 3307 469 3364 animum
488 3308 667 3374 transferens
689 3309 780 3366 multo
800 3309 886 3366 etiam
905 3310 997 3387 magis
1017 3309 1143 3388 pulchri-

177 3397 315 3464 tudinem,
330 3397 525 3465 constantiam,
541 3398 668 3455 ordinem
689 3398 718 3454 in
738 3399 858 3456 consiliis
878 3399 1017 3475 factisque
1031 3416 1142 3455 conser-

177 3486 304 3544 vandum
325 3493 417 3564 putat,
434 3495 580 3563 cavetque,
596 3507 631 3544 ne
649 3487 719 3563 quid
739 3487 871 3546 indecere
891 3487 1087 3544 effeminateve
1101 3485 1143 3541 ia-

178 3576 251 3643 ciat;
272 3583 333 3632 tum
353 3575 382 3632 in
402 3575 530 3634 omnibus
550 3584 579 3634 et
599 3577 775 3654 opinionibus
796 3584 825 3634 et
844 3576 935 3642 factis,
950 3595 986 3632 ne
999 3572 1068 3651 quid
1081 3572 1143 3631 libi-

180 3665 277 3725 dinose
298 3672 347 3723 aut
368 3666 453 3722 faciat
476 3674 526 3723 aut
549 3667 663 3744 cogitet.
706 3668 817 3735 Quibus
840 3684 877 3722 ex
899 3665 985 3721 rebus
1005 3663 1176 3724 conflaturtl

179 3762 209 3813 et
237 3754 358 3812 efficitur
382 3755 421 3824 id,
442 3755 519 3832 quod
544 3756 708 3832 quaerimus,
728 3757 897 3829 honestum:
926 3752 1013 3830 quod,
1033 3753 1145 3814 etiamsi
