2692 4292
179 337 236 394 122
592 349 631 390 ns
645 349 775 390 omous

229 479 460 558 suppeditantem
478 478 650 556 voluptates,
669 479 861 557 depellentem
880 479 1001 538 dolorea
1042 478 1198 538 Fortitudi-

229 587 295 626 nem
308 587 422 646 quoque
436 568 530 646 aliquo
547 567 635 626 modo
653 568 817 646 expediunt,
832 589 899 627 cum
920 569 1048 637 tradunt,
1061 569 1200 626 rationem

178 663 215 718 1³
230 658 412 736 negligendae
434 657 534 716 mortis
559 657 793 734 perpetiendique
816 658 931 718 doloris.
970 659 1067 716 Etiam
1089 666 1200 735 tempe·

230 747 350 806 mutiam
369 746 516 814 inducunt,
531 765 588 804 uon
609 747 740 805 facillime
754 747 794 806 illi
806 748 932 824 quidem,
945 748 998 805 sed
1018 756 1115 805 tamen
1128 766 1199 824 quo·

229 837 387 915 quomodo
406 843 534 915 possunt.
575 836 683 894 Dicunt
702 836 786 904 euim,
799 837 954 913 voluptatis
974 837 1201 914 magnitudinem

230 926 336 986 doloris
350 926 525 986 detractione
545 925 624 984 finiri.
665 925 782 984 Jusdth
794 926 918 993 vacillet,
932 926 978 983 vel
994 926 1076 1003 jacet
1095 927 1198 1003 potius,

230 1035 384 1094 omnesque
408 1035 451 1074 eae
473 1016 601 1082 virtutes,
626 1033 692 1092 quae
715 1016 743 1072 in
766 1015 968 1072 communitate
992 1023 1148 1073 cernuntur
1170 1023 1200 1074 et

178 1107 216 1163 14
229 1104 260 1164 in
273 1106 408 1164 societate
427 1105 538 1183 generis
557 1104 682 1163 humani.
723 1105 826 1181 Neque
839 1105 913 1162 enim
927 1105 1049 1172 bonitas,
1063 1123 1117 1162 nec
1131 1105 1198 1163 libe-

229 1193 335 1261 ralitas,
356 1213 408 1254 uec
433 1196 551 1252 comites
575 1213 637 1252 esse
661 1200 766 1271 potest,
790 1213 848 1252 non
870 1194 1043 1271 plusquam
1066 1195 1200 1261 amicitia,

229 1283 254 1340 si
275 1283 340 1344 haec
360 1303 416 1340 non
437 1303 489 1361 per
508 1303 539 1342 sc
560 1290 740 1362 expetantur,
761 1283 813 1342 sed
836 1283 875 1340 ad
895 1283 1073 1360 voluptatem
1095 1284 1200 1341 utilita-

179 1375 216 1432 15
230 1377 325 1430 temve
348 1372 515 1434 referantur.
557 1373 745 1432 Conferamus
767 1373 855 1451 igitur
876 1373 906 1430 iu
927 1391 1027 1450 pauca
1068 1374 1149 1430 Nam
1168 1380 1201 1431 ut

230 1461 382 1520 utilitatem
401 1461 509 1520 nullam
529 1481 591 1520 esse
612 1463 769 1530 docuimus,
790 1481 856 1538 quie
875 1463 1017 1520 honestati
1036 1469 1114 1520 esset
1133 1481 1200 1520 con·

230 1552 325 1619 truria,
348 1551 387 1610 sic
413 1569 526 1610 omnem
545 1552 725 1629 voluptatem
744 1551 864 1610 dicimus
884 1552 1028 1610 honestati
1047 1570 1112 1610 ease
1131 1570 1199 1610 con-

179 1645 216 1700 16
230 1641 354 1700 trariann
397 1641 461 1710 Quo
475 1641 568 1719 magis
581 1641 830 1719 reprehendendos
844 1642 1042 1719 Calliphonem
1060 1649 1092 1699 et
1111 1642 1199 1699 Dino·

231 1733 365 1790 mochum
385 1730 492 1808 judico,
517 1731 566 1808 qui
590 1749 620 1788 se
645 1731 838 1808 dirempturos
864 1732 1085 1790 controversiam
1111 1738 1196 1808 puta-

230 1827 342 1890 verunt,
356 1821 380 1878 si
399 1840 465 1878 cum
478 1821 628 1878 honestate
644 1820 829 1898 voluptatem,
844 1828 991 1899 tamquam
1005 1841 1071 1880 cum
1085 1821 1198 1880 homine

179 1909 215 1970 17
230 1911 379 1988 pecudem,
400 1911 616 1987 copulavissent.
659 1910 726 1966 Non
745 1909 846 1987 recipit
865 1911 950 1968 istam
969 1911 1198 1988 conjunctionem

229 2001 381 2066 honestos:
403 2007 579 2077 aspernatur,
594 1999 715 2077 repellit
756 1998 819 2057 Nec
831 2018 901 2057 vero
920 2000 983 2057 finis
1001 2001 1142 2058 bononem
1157 1999 1199 2078 [et

228 2087 391 2167 malorum]‚
417 2089 465 2166 qui
490 2089 609 2166 simplex
633 2107 697 2146 esse
719 2088 817 2156 debet,
837 2108 874 2147 ex
895 2089 1088 2148 dissimillimis
1112 2091 1198 2148 rebus

178 2183 215 2237 18
229 2178 340 2236 misceri
364 2187 394 2236 et
417 2179 570 2256 temperari
598 2185 702 2255 potest.
743 2177 805 2236 Sed
831 2178 869 2236 de
896 2179 952 2238 hoo
979 2181 1097 2258 (magna
1122 2180 1197 2236 enim

177 2274 215 2328 19
229 2287 274 2326 res
290 2267 347 2347 est)
361 2268 416 2326 alio
436 2268 499 2327 looo
519 2269 655 2346 pluribus.
697 2267 783 2324 Nunc
802 2267 842 2326 ad
860 2269 1049 2345 propositum.
1091 2269 1196 2338 Quem-

228 2357 384 2416 admodum
407 2358 501 2437 igitur,
528 2359 551 2416 si
574 2358 690 2434 quando
713 2375 756 2423 ea,
781 2376 848 2434 quae
871 2358 985 2416 videtur
1008 2358 1124 2424 utilitas,
1145 2358 1195 2414 ho

228 2448 331 2506 nestati
357 2456 510 2526 repugnat,
531 2447 715 2525 dijudicanda
740 2467 786 2506 res
813 2448 859 2515 sit,
880 2448 948 2506 satia
968 2455 1014 2505 eet
1032 2466 1121 2524 supra
1139 2446 1195 2504 dis-

176 2543 215 2596 20
229 2546 370 2616 putatum.
412 2537 462 2596 Sin
483 2545 579 2596 autem
598 2538 723 2614 speciem
742 2539 872 2597 utilitatis
891 2538 978 2594 etiam
991 2536 1125 2613 voluptas
1144 2537 1195 2593 ha·

228 2629 295 2686 bere
309 2627 427 2695 dicetur,
442 2628 520 2686 nulla
541 2634 638 2704 potest
658 2646 721 2686 esec
739 2628 766 2685 ei
783 2648 849 2686 cum
862 2627 1012 2686 honestate
1025 2626 1194 2703 conjunctio.

176 2723 213 2776 21
229 2717 305 2776 Nam
328 2725 362 2776 ut
386 2717 544 2776 tribuamus
572 2717 680 2794 aliquid
702 2717 853 2794 voluptati,
877 2716 1048 2774 condimenti
1073 2716 1195 2773 fortasse

227 2807 362 2875 nonnihil,
377 2807 504 2865 utilitatis
518 2814 596 2866 certe
609 2807 680 2866 nihil
693 2807 818 2866 habebit.

176 2989 214 3042 22
268 2983 368 3042 Habes
387 3003 406 3041 a
425 2991 507 3061 patre
526 3004 640 3052 munus,
655 2985 752 3044 Marce
771 2985 820 3054 fili,
834 3003 900 3043 mea
917 2984 1034 3062 quidem
1053 2983 1195 3042 sententia

228 3091 366 3151 magnum
378 3092 385 3140 ;
413 3072 464 3130 sed
487 3075 604 3150 perinde
627 3076 689 3143 erit,
709 3082 744 3134 ut
767 3075 919 3151 acceperis.
960 3074 1142 3150 Quamquam
1164 3073 1195 3130 hi

228 3162 279 3220 tibi
303 3168 360 3218 tres
385 3162 447 3220 libri
470 3162 544 3222 inter
568 3164 698 3241 Cratippi
721 3165 939 3222 commentarios
959 3170 1106 3239 tamquam
1128 3163 1193 3220 hos·

177 3257 214 3310 28
229 3251 303 3330 pites
326 3258 409 3310 erunt
428 3253 588 3330 recipiendi.
630 3254 690 3311 Sed
709 3261 751 3321 ut,
772 3254 796 3312 ei
816 3255 878 3331 ipse
897 3253 1037 3311 venissem
1050 3253 1194 3320 Athenas,

230 3339 320 3420 (quod
342 3341 457 3418 quidem
478 3350 554 3402 essct
576 3343 694 3412 fectum,
719 3344 772 3401 nisi
794 3362 841 3411 me
861 3343 992 3400 emedio
1012 3361 1098 3399 cursu
1118 3341 1195 3400 clara

228 3450 299 3490 voce
320 3431 411 3508 petria
430 3430 612 3510 revocasset)
627 3432 780 3508 aliquando
799 3451 846 3490 me
860 3450 974 3508 quoque
991 3430 1122 3488 audires:
1144 3431 1193 3499 sic,

227 3520 361 3598 quoniam
373 3521 417 3580 his
431 3509 619 3580 voluminibus
632 3521 670 3577 ad
684 3528 714 3578 te
728 3521 857 3598 profecta
869 3540 927 3579 von
939 3527 984 3579 est
996 3537 1069 3586 mea,
1084 3519 1194 3576 tribues

227 3609 272 3666 his
300 3611 435 3686 temporis
463 3618 601 3688 quantum
628 3609 755 3686 poteris:
785 3610 893 3687 poteris
919 3616 1024 3676 autem,
1052 3615 1194 3686 quantum

176 3699 215 3766 24
228 3697 314 3754 voles.
357 3699 431 3770 (lum
452 3719 519 3758 vero
539 3699 712 3766 intellexero,
726 3704 756 3756 te
776 3699 832 3757 hoc
851 3699 976 3759 scientiae
996 3717 1100 3778 genere
1120 3715 1203 3779 gaug
