2692 4292
481 313 569 352 unna
582 314 626 354 111.
667 313 736 354 car.
751 315 832 354 mr.
1111 300 1167 355 ns

136 442 236 500 orabit
256 449 376 520 patrem,
391 461 427 499 ne
440 442 469 500 id
490 442 593 510 faciat3
614 443 637 500 si
650 443 720 500 nihil
741 442 879 519 proficiet,
893 442 1047 508 accusabit,
1061 442 1114 500 mi·

135 532 258 589 nabitur
281 533 382 597 etiam;
412 532 449 588 ad
473 541 640 598 extremum,
662 533 686 590 si
709 532 747 590 ad
772 533 923 608 perniciem
947 533 1048 609 patriae
1068 551 1115 589 res

137 622 296 698 spectabit,
318 623 417 699 patriae
437 623 559 679 salutem
581 629 734 699 anteponet
754 623 838 679 saluti
858 623 956 699 patris.
1004 622 1147 691 Quartae

138 712 238 777 etiam,
254 712 276 768 si
298 713 410 787 sapiens
433 711 607 770 adulterinos
630 731 763 768 nummos
783 713 926 788 acceperit
946 712 1112 788 imprudens

139 819 198 876 pro
219 801 308 867 bonis,
329 821 394 858 cum
415 801 443 858 id
464 801 598 868 rescierit,
618 802 799 858 soluturusne
818 802 856 858 sit
875 820 933 870 eos,
954 802 978 858 si
998 802 1043 858 cui
1064 802 1114 858 de-

138 891 221 956 beat,
237 907 288 966 pro
303 891 391 948 bonis.
434 891 577 968 Diogenes
590 891 647 948 ait:
670 891 824 966 Antipater
843 902 938 967 negat,
954 891 999 948 cui
1020 891 1114 966 potius

140 979 289 1037 assentior.
321 979 380 1044 Qui
391 981 486 1036 vinum
500 981 612 1058 fugiens
623 980 730 1037 vendat
743 980 842 1046 sciens,
854 980 995 1037 debeatne
1009 981 1111 1037 dicere.
1130 985 1168 1039 10

139 1068 211 1124 Non
226 1087 339 1125 necesse
358 1077 442 1147 putat
457 1070 617 1146 Diogenes:
641 1069 797 1146 Antipater
810 1070 861 1126 viri
880 1071 946 1128 boni
964 1070 1113 1128 existimat.

141 1157 219 1213 Haec
240 1165 306 1214 sunt
320 1160 400 1235 quasi
421 1166 601 1216 controversa
619 1159 686 1237 jura
706 1159 877 1217 Stoicorum.
919 1161 955 1216 Iu
972 1159 1114 1236 mancipio
1130 1163 1165 1218 11

139 1246 295 1304 vendendo
314 1248 470 1306 dicendane
489 1249 572 1305 vitia:
593 1268 650 1306 non
670 1267 713 1316 ea,
728 1269 795 1326 quae
815 1249 868 1306 nisi
882 1249 996 1316 dixeris,
1017 1249 1113 1307 redhi-

141 1336 248 1394 beatur
258 1338 430 1414 mancipium
442 1339 507 1414 jure
519 1338 608 1405 civili;
630 1329 682 1395 sed
693 1340 763 1405 brec,
775 1339 943 1396 mendacem
956 1358 1027 1406 esse,
1038 1340 1114 1396 alea-

140 1432 246 1492 torem,
268 1425 403 1494 furacem,
424 1427 574 1486 ebriosum.
616 1428 710 1485 Alteri
730 1428 852 1485 dicenda
871 1429 1011 1496 ridentur,
1033 1428 1114 1486 alteri

142 1533 202 1571 non
215 1514 356 1572 ridentur.
399 1516 430 1574 si
443 1517 505 1593 quis
520 1535 621 1574 aurum
635 1516 769 1583 vendens,
784 1517 959 1576 orichalcum
980 1535 1011 1574 se
1031 1523 1167 1594 putet12

143 1605 276 1671 vendere,
291 1605 432 1663 indicetne
453 1607 478 1664 ei
498 1607 541 1664 vir
560 1608 660 1673 bonus,
676 1624 778 1663 aurum
798 1606 869 1663 illud
889 1625 960 1674 esse,
981 1625 1018 1662 an
1037 1614 1117 1663 emat

144 1693 269 1760 denario,
285 1695 363 1771 quod
384 1696 420 1753 sit
440 1696 516 1754 mille
529 1696 702 1753 denarium?
742 1695 930 1772 Perspicuum
944 1695 1070 1772 estjam,
1085 1702 1116 1753 et

145 1783 217 1860 quid
236 1783 304 1840 mihi
325 1784 463 1852 videatur,
479 1793 508 1844 et
529 1805 595 1862 quse
617 1785 653 1843 sit
672 1785 745 1842 inter
763 1803 813 1843 eos
833 1785 1029 1864 philosophos,
1043 1803 1116 1862 quos

145 1873 296 1940 nominavi,
312 1875 511 1934 controversia.

187 2051 294 2109 XXIV.
316 2052 407 2110 Pacta
426 2059 455 2110 et
476 2053 614 2130 promissa
636 2072 785 2131 semperne
808 2054 949 2111 servanda
968 2053 1032 2121 sint,
1047 2073 1115 2131 quas

145 2159 199 2197 nec
213 2140 239 2197 vi
253 2159 306 2198 nec
321 2141 387 2199 dolo
401 2143 477 2200 malo
492 2141 537 2220 (ut
551 2150 691 2219 pretores
704 2142 810 2221 solent)
821 2144 898 2201 facta
908 2144 972 2202 sint.
1008 2144 1039 2201 Si
1053 2143 1117 2221 quis
1131 2150 1148 2202 2

145 2229 386 2288 medicamentum
401 2232 522 2309 cuipiam
537 2232 650 2289 dederit
670 2233 709 2288 ad
722 2251 827 2310 aquam
840 2233 1020 2299 intercutem,
1035 2233 1115 2310 pepi·

145 2320 285 2396 geritque,
301 2320 325 2376 si
338 2339 372 2378 eo
386 2321 593 2378 medicamento
608 2341 695 2379 sanus
708 2321 803 2379 lactus
816 2329 901 2388 esset,
913 2340 950 2378 ne
963 2322 1013 2379 illo
1026 2322 1115 2378 medi-

146 2416 279 2466 camento
292 2429 417 2486 unquam
433 2419 533 2487 postea
552 2417 699 2476 uteretur;
720 2411 743 2466 si
756 2429 791 2466 eo
810 2410 1018 2466 medicamento
1031 2427 1117 2466 sanus

146 2499 242 2555 factus
256 2498 301 2565 sit,
316 2507 345 2556 et
359 2501 438 2556 annis
452 2500 560 2576 aliquot
573 2505 640 2576 post
652 2498 782 2555 inciderit
794 2499 823 2554 in
836 2498 960 2554 eundem
972 2498 1117 2565 morbum,

146 2589 251 2646 neceb
273 2606 316 2655 eo,
332 2589 446 2665 quicum
468 2589 627 2666 pepigerat,
642 2588 784 2664 impetret,
799 2594 834 2644 ut
853 2587 956 2643 iterum
979 2605 1014 2643 eo
1035 2587 1118 2644 liceat

146 2679 206 2736 uti:
228 2679 296 2756 quid
310 2679 471 2736 faciendum
486 2680 529 2736 sit.
560 2679 634 2734 Cum
645 2677 683 2734 sit
692 2677 716 2733 is
725 2677 905 2743 inhumanus,
919 2676 968 2753 qui
981 2694 1037 2732 non
1052 2695 1117 2732 con·

147 2768 242 2836 cedat,
257 2787 309 2826 nec
323 2769 348 2825 ei
362 2769 513 2845 quicquam
531 2768 581 2824 fiat
601 2766 718 2844 injuria,
734 2766 802 2822 ritae
815 2774 845 2823 et
865 2766 949 2823 saluti
970 2766 1117 2824 consulen-

147 2858 228 2916 dum.
261 2859 356 2927 Quid‘l
370 2857 452 2934 siqui
461 2849 573 2934 sapiens
581 2864 700 2934 rogatus
708 2856 746 2912 sit
753 2857 791 2914 ab
799 2875 842 2922 eo,
852 2855 900 2932 qui
908 2875 974 2913 eum
982 2855 1117 2914 heredem
1132 2863 1150 2915 8

147 2947 324 3014 testaceum
346 2947 374 3004 ei
394 2953 566 3004 testamento
587 2946 749 3003 sestertium
769 2945 869 3002 millies
887 2946 1070 3022 relinquatur,
1085 2952 1120 3004 ut

148 3044 225 3103 ante,
241 3055 325 3113 quam
340 3036 528 3093 hereditatem
542 3035 635 3102 adeat,
651 3036 715 3092 luce
729 3036 824 3112 palam
837 3036 866 3092 in
885 3035 948 3092 foro
968 3036 1061 3102 saltet,
1076 3034 1118 3093 id·

148 3144 207 3202 que
221 3145 251 3182 se
266 3125 408 3183 facturum
424 3125 591 3202 promiserit,
607 3124 685 3202 quod
699 3125 782 3182 aliter
796 3125 930 3182 heredem
943 3142 1010 3183 eum
1030 3125 1118 3202 scrip·

148 3221 232 3271 turus
246 3215 293 3271 ille
307 3233 363 3271 non
383 3221 476 3272 esset:
498 3213 592 3280 faciat,
615 3214 693 3290 quod
715 3215 880 3291 promiserit,
895 3215 1008 3272 necne‘l
1048 3216 1153 3272 Pro-4
1179 3252 1183 3264 ι

148 3303 258 3360 misisse
283 3303 396 3370 nollem,
420 3311 450 3361 et
471 3303 500 3361 id
523 3303 646 3361 arbitror
667 3302 754 3360 fuisse
778 3305 935 3381 gravitatis.
977 3303 1119 3372 Quoniam

151 3392 288 3469 promisit,
304 3392 327 3449 si
342 3393 444 3450 saltare
456 3394 486 3450 iu
499 3394 562 3450 foro
579 3401 664 3472 turpe
685 3393 780 3459 ducet,
796 3394 944 3450 honestius
957 3392 1119 3460 mentietur,

150 3481 174 3537 si
188 3500 223 3538 ex
237 3481 395 3538 hereditate
409 3482 477 3538 nihil
491 3484 607 3558 ceperit,
620 3501 707 3559 quam
721 3482 745 3538 si
759 3483 881 3558 ceperit:
903 3482 955 3539 nisi
969 3482 1042 3538 forte
1056 3499 1120 3538 eam
1195 3483 1199 3488 “

151 3571 302 3648 pecmriam
315 3570 344 3627 in
359 3570 398 3627 rei
411 3570 534 3647 publicae
548 3589 685 3648 magnum
698 3570 813 3647 aliquod
828 3578 942 3646 tempus
961 3570 1120 3638 contulerit,

151 3666 186 3718 ut
201 3660 255 3719 ¹vel
279 3659 392 3727 saltare,
413 3679 479 3718 oum
501 3659 601 3736 patriae
625 3661 807 3782 conpulturus
826 3659 872 3725 sit,
892 3665 978 3736 turpe
996 3677 1054 3716 non
1074 3659 1120 3718 sit

632 3753 669 3804 10
