2692 4292
161 306 218 360 10⁸
574 317 612 356 nu
633 315 763 356 crrrorrs

179 451 198 504 4
212 446 261 523 qui
274 445 437 512 admiratur,
452 445 476 503 is
489 463 528 511 υ,
544 445 612 522 quid
626 445 662 505 sit
676 445 719 501 vir
732 444 832 510 bonus,
846 443 955 502 nescire
966 443 1100 501 fateatur.
1135 443 1182 500 At

211 553 279 592 vero
299 535 323 592 si
336 534 398 612 quis
412 535 531 591 voluerit
551 535 635 592 animi
654 530 699 590 sui
718 533 917 610 complicatam
936 531 1080 590 notionem
1100 531 1180 590 evol·

211 641 285 690 vere,
297 623 358 700 jam
378 641 409 680 se
429 623 490 699 ipse
504 623 614 690 doceat,
629 642 695 682 eum
716 623 807 679 virum
829 623 935 680 bonum
955 640 1027 689 esse,
1043 623 1092 699 qui
1113 643 1179 700 pro·

211 711 256 778 sit,
280 711 382 788 quibus
407 711 513 788 possit;
544 720 645 769 noceat
672 711 785 777 nemini,
810 711 862 767 nisi
888 711 1038 768 lacessitum
1066 711 1180 788 injuria.

179 807 196 860 t
212 800 287 868 Quid
301 801 396 878 ergo?
417 799 462 858 bic
478 819 535 857 uon
553 807 662 867 noceat,
677 801 726 876 qui
739 799 864 876 quodam
878 799 959 876 quasi
972 818 1081 856 veneno
1095 801 1179 876 perfi-

211 889 275 957 ciat,
287 898 320 950 ut
331 908 412 946 veros
426 889 546 947 heredes
560 895 680 955 moveat,
691 889 720 946 in
733 907 831 946 eorum
844 889 938 945 locum
951 889 1012 964 ipse
1023 889 1180 946 succedat?

179 983 196 1036 6
211 979 277 1036 Non
290 979 376 1057 igitur
389 979 481 1044 iaciat,
494 978 595 1034 dixerit
608 978 679 1053 quis,
694 977 772 1054 quod
785 978 855 1034 utile
868 977 913 1042 sit,
928 977 1006 1053 quod
1021 977 1179 1054 expediat?

212 1068 304 1126 Immo
324 1067 470 1144 intelligat,
485 1067 553 1124 nihil
567 1085 620 1124 uec
634 1067 776 1142 expedire,
791 1086 843 1124 nec
865 1066 933 1123 utile
953 1084 1025 1131 esse,
1039 1067 1119 1142 quod
1139 1067 1179 1123 sit

211 1156 356 1233 injustum.
399 1156 462 1214 Hoc
482 1156 531 1232 qui
554 1175 610 1212 nou
630 1155 768 1222 didicerit,
793 1156 886 1213 bonus
905 1155 948 1212 vir
967 1173 1029 1212 esse
1049 1173 1108 1212 nou
1128 1175 1180 1232 po-

179 1241 196 1301 'l
211 1244 284 1301 terit.
326 1243 478 1300 Fimbriam
493 1245 670 1301 consularem
683 1243 835 1302 audiebam
847 1244 885 1301 de
898 1251 979 1320 patre
991 1251 1090 1301 nostro
1104 1264 1179 1321 puer

208 1331 334 1410 judicem
354 1332 393 1389 M.
409 1333 524 1390 Lutatio
543 1333 665 1390 Pinthiae
680 1333 775 1399 luisse,
790 1333 878 1409 equiti
898 1333 1028 1390 Romano
1041 1334 1176 1390 sancho

211 1428 300 1487 nesto,
317 1439 383 1478 cum
397 1421 420 1478 is
434 1422 612 1497 sponsionem
627 1421 748 1488 lecisset,
770 1441 808 1478 ur
827 1441 889 1479 vrrs
908 1441 1026 1479 acuns
1046 1441 1173 1489 ussum

210 1509 305 1587 itaque
320 1510 345 1568 ei
358 1510 460 1568 dixisse
475 1511 636 1576 Fimbriam,
651 1529 683 1568 se
701 1511 779 1568 illam
797 1529 859 1568 rem
876 1529 1020 1587 nunquam
1031 1511 1176 1587 judicatu·

210 1618 292 1666 rum;
314 1619 350 1658 ne
369 1607 420 1657 aut
442 1599 575 1676 spoliaret
595 1599 672 1656 lama
693 1600 847 1676 probatum
868 1600 1019 1666 homiuem,
1034 1600 1057 1656 si
1076 1609 1177 1658 contra

209 1689 412 1764 judicavisset3
434 1699 484 1746 aut
505 1688 636 1746 statuisse
650 1688 802 1755 videretur,
818 1689 909 1746 virum
927 1689 1034 1745 bonum
1053 1707 1116 1745 esse
1129 1689 1178 1746 ali·

211 1795 304 1852 quem,
319 1795 385 1834 cum
406 1795 440 1834 ea
460 1795 504 1834 res
524 1777 773 1835 innumerabilibus
787 1777 884 1834 officiis
897 1784 927 1836 et
940 1777 1073 1835 laudibus
1088 1779 1177 1834 conti·

179 1871 333 1922 Bneretur.
375 1866 449 1922 Huic
473 1865 560 1943 igitur
579 1865 638 1923 viro
658 1867 742 1932 bono,
757 1885 843 1942 quem
863 1866 988 1924 Fimbria
1007 1865 1104 1931 etiam,
1120 1885 1176 1924 non

210 1954 297 2010 modo
311 1953 443 2011 Socrates
462 1962 588 2022 noverat,
603 1955 682 2013 nullo
701 1955 789 2012 modo
803 1955 892 2012 videri
914 1962 1009 2031 potest
1023 1956 1179 2031 quicquam

179 2047 197 2100 9
212 2061 274 2099 esse
287 2041 364 2108 utile,
374 2041 451 2117 quod
465 2061 521 2098 non
535 2043 687 2100 honestum
701 2045 745 2100 sit.
777 2045 880 2119 Itaque
893 2044 958 2101 telis
968 2043 1010 2100 vir
1023 2063 1080 2100 uon
1093 2044 1180 2100 modo

211 2130 312 2196 lacere,
329 2130 379 2187 scd
393 2149 430 2187 ne
444 2131 571 2209 cogitare
585 2132 701 2208 quidem
714 2133 866 2209 quicquum
883 2132 1010 2198 audebit,
1025 2132 1102 2208 quod
1123 2152 1179 2189 nou

160 2225 197 2278 10
212 2219 316 2276 audeat
330 2219 496 2296 praedicere.
532 2222 605 2278 Haec
616 2241 673 2278 non
686 2228 772 2298 turpe
785 2228 830 2278 est
840 2221 971 2278 dubitare
984 2221 1177 2298 philosophos,

212 2329 277 2387 qum
302 2329 337 2368 ue
358 2310 455 2368 rustici
475 2311 591 2388 quidem
614 2311 770 2368 dubitent?
794 2312 935 2388 aquibus
955 2319 1054 2368 natum
1076 2312 1177 2377 estid,

212 2401 289 2477 quod
311 2400 371 2478 jem
392 2400 545 2458 contritum
565 2407 608 2456 est
630 2407 772 2457 vetustate
793 2401 993 2478 proverbium:
1018 2420 1085 2458 cum
1106 2401 1178 2470 enim

212 2489 299 2546 fidem
318 2490 438 2567 alicujus
459 2488 671 2566 bonitatemque
692 2489 819 2555 laudant,
840 2489 959 2566 dignum
983 2508 1046 2546 esse
1070 2489 1177 2555 dicunt,

161 2582 196 2636 11
213 2579 328 2653 quicum
342 2579 370 2636 in
384 2579 507 2636 tenebris
521 2579 616 2636 mices.
658 2578 722 2636 Hoc
736 2597 822 2655 quam
837 2579 925 2635 habet
938 2578 1004 2644 vim,
1020 2577 1072 2634 nisi
1091 2579 1176 2643 illam,

212 2667 280 2730 nihil
301 2668 442 2745 expedire,
458 2668 535 2752 quod
556 2686 612 2724 non
633 2667 743 2734 deceat,
758 2667 867 2725 etiamsi
887 2666 916 2723 id
937 2667 1028 2744 possis
1042 2667 1120 2723 nullo
1134 2685 1175 2724 re-

162 2761 198 2816 12
214 2755 327 2814 lellente
348 2758 497 2815 obtinere?
538 2757 672 2824 Videsne,
688 2758 753 2827 boc·
764 2756 914 2833 proverbio
933 2775 1025 2833 neque
1041 2756 1120 2832 Gygi
1139 2755 1177 2812 illi

214 2864 298 2921 posse
318 2847 512 2913 venumdari,
532 2865 625 2924 neque
644 2846 720 2913 huic,
736 2865 822 2923 quem
842 2845 930 2921 paulo
949 2852 1015 2902 ante
1035 2844 1176 2922 fingebam

214 2935 369 3011 digitorum
384 2937 563 3012 percussione
577 2937 750 2994 hereditates
760 2937 884 2993 omnium
898 2955 982 3012 posse
992 2936 1176 2992 converrere?

214 3023 256 3080 Ut
277 3023 358 3088 enim,
374 3024 451 3100 quod
472 3031 556 3101 turpe
570 3033 622 3093 est,
638 3026 667 3083 id
686 3026 816 3102 quamvis
836 3025 1003 3092 occultetur,
1018 3032 1115 3082 tamen
1127 3024 1175 3080 hc-

213 3119 326 3170 nestum
340 3111 400 3168 fieri
413 3113 491 3170 nullo
503 3115 589 3172 modo
604 3122 717 3192 potest:
739 3116 788 3181 sic,
799 3114 876 3191 quod
891 3115 1042 3172 honestum
1055 3132 1111 3170 uon
1124 3120 1175 3179 est,

213 3201 243 3262 id
263 3200 333 3260 utile
353 3207 386 3258 ut
406 3200 450 3270 sit,
470 3203 542 3261 effici
561 3223 618 3262 non
638 3212 742 3281 potest,
763 3204 932 3262 adversante
952 3210 982 3260 et
1001 3209 1177 3280 repugnmrte

214 3298 326 3350 natiue.

253 3469 316 3530 XX.
338 3468 381 3526 At
395 3470 477 3538 euim,
490 3485 555 3528 cum
569 3487 727 3548 permagna
739 3471 859 3548 praemia
871 3476 946 3537 sunt,
958 3476 1002 3527 est
1015 3486 1101 3526 causa
1113 3485 1176 3544 pec·

215 3559 305 3616 candi.
334 3559 366 3616 0.
379 3559 485 3618 Marius
496 3579 561 3618 cum
576 3579 593 3616 a
606 3578 658 3636 spe
669 3561 831 3618 consulatus
844 3560 929 3637 longe
943 3560 1065 3625 abesset,
1077 3564 1107 3614 et
1119 3557 1177 3633 jam

215 3647 369 3722 septimum
388 3668 495 3708 annum
516 3657 583 3728 post
606 3657 764 3728 praeturam
781 3650 899 3727 jaceret,
920 3667 1015 3726 neque
1038 3646 1177 3724 petiturm
