2692 4292
148 313 188 370 98
570 321 607 362 na
622 321 750 362 orrrous

200 453 343 532 opposuit,
368 451 492 530 speciem
516 451 672 508 honestatis
693 469 786 526 neque
811 450 997 526 probabilem,
1019 467 1072 510 neo
1095 469 1176 510 sane

200 543 338 602 idoneam.
380 541 514 599 Peccavit
527 541 621 618 igitur,
636 559 708 616 paee
721 540 766 598 vel
781 540 889 609 Quirini
901 541 947 597 vel
961 540 1074 597 Romuli
1087 540 1173 597 dixe·

169 633 262 691 lrim.
303 631 365 688 Neo
390 637 486 688 tamen
509 638 615 687 nostris
638 630 721 688 nobis
743 630 880 688 utilitates
903 631 1069 687 omittendae
1087 637 1172 696 sunt,

201 721 317 796 sliisque
337 719 494 787 tradendae,
514 739 580 778 oum
599 719 644 776 his
663 719 719 795 ipsi
737 737 891 796 egeam:
913 720 963 776 sed
983 738 1044 776 suae
1063 719 1175 795 suique

168 811 186 868 'l
200 809 322 876 utilitati,
332 809 409 886 quod
423 809 482 866 sine
496 809 611 866 alterius
624 808 726 886 injuria
739 810 797 876 list,
807 808 985 867 serviendum
999 817 1052 866 est
1086 809 1173 866 Seite

202 899 390 978 Chrysippus,
405 903 437 956 ιιι
460 898 566 956 multa:
589 898 644 966 Qui
666 898 800 965 stadium
821 899 920 975 inquit,
936 897 1032 964 currit,
1047 899 1115 955 eniti
1136 905 1174 955 et

201 989 371 1047 oontendere
385 987 480 1054 debet,
495 1005 581 1062 quam
593 987 716 1044 maxime
734 987 879 1063 poenitat
898 988 1010 1054 vineot3
1031 987 1171 1064 supplan·

200 1085 263 1137 tare
284 1097 359 1144 eum,
374 1077 488 1154 quicum
509 1083 607 1143 certet,
629 1085 680 1134 aut
701 1095 789 1134 manu
809 1076 960 1155 depellere,
980 1077 1059 1134 nullo
1079 1077 1172 1134 modo

201 1167 296 1225 debet.
339 1166 385 1223 Sio
400 1167 428 1223 in
442 1167 500 1222 vite
513 1165 566 1224 sibi
586 1184 730 1242 quemque
750 1174 857 1243 petere,
870 1166 948 1243 quod
969 1166 1110 1242 pertineat
1129 1166 1172 1223 ed

200 1275 294 1322 usum,
308 1273 366 1312 non
379 1255 506 1330 iniquum
521 1263 582 1321 est;
604 1255 685 1312 alteri
699 1255 837 1331 deripere,
849 1256 898 1332 jus
911 1273 967 1312 nou
980 1263 1032 1313 est.

170 1351 188 1404 8
241 1345 363 1402 Maxime
388 1353 484 1402 autem
511 1345 716 1420 perturbantur
739 1345 829 1402 officia
848 1346 877 1402 in
897 1345 1043 1411 amicitiis;
1064 1345 1175 1421 quihus

201 1442 231 1492 et
245 1453 301 1492 non
315 1436 446 1500 tribuere,
462 1434 539 1510 quod
554 1442 631 1492 reete
651 1433 751 1511 possis,
767 1441 797 1491 et
815 1435 947 1501 nituere,
962 1435 1040 1512 quod
1060 1454 1118 1491 non
1133 1435 1176 1492 sit

170 1531 187 1584 9
203 1543 326 1602 aequum,
341 1531 440 1582 eontra
453 1524 575 1582 officium
590 1531 640 1580 est.
683 1523 742 1580 Sed
755 1524 842 1601 hujus
856 1525 967 1601 generis
979 1525 1067 1581 totius
1080 1525 1172 1581 breve

202 1623 231 1672 et
251 1634 307 1672 non
329 1614 439 1672 difficile
463 1620 639 1690 praeoeptum
661 1621 715 1670 est.
756 1613 828 1682 Quae
847 1613 923 1670 enim
934 1612 1171 1681 videnturutilia,

201 1704 331 1770 honoros,
355 1704 468 1770 divitiis,
491 1703 663 1779 voluptates,
689 1710 785 1760 oeters
808 1704 919 1780 generis
940 1703 1079 1779 ejusdem,
1103 1704 1172 1761 haee

151 1797 189 1852 10
203 1793 332 1852 amioitiae
345 1812 490 1870 nunquam
504 1793 703 1870 anteponenda
716 1801 792 1850 sunt.
833 1792 877 1849 At
889 1811 982 1869 neque
995 1802 1094 1850 eontra
1106 1812 1170 1850 rem

202 1883 355 1960 publicem,
371 1901 461 1958 neque
476 1891 574 1939 eontra
585 1883 633 1960 jus
651 1882 806 1959 jurandum
820 1899 854 1938 ee
867 1882 962 1949 fidem,
977 1882 1057 1939 amiel
1071 1901 1168 1950 eausa,

201 1972 244 2028 vir
257 1973 348 2028 bonus
361 1971 464 2038 saciet,
486 1989 520 2026 ue
535 1972 558 2028 si
570 1971 661 2048 judex
670 1971 785 2048 quidem
795 1971 849 2029 erit
859 1971 896 2028 de
906 1971 968 2049 ipso
981 1972 1079 2029 amieo.
1109 1972 1169 2028 Po-

151 2066 187 2119 11
202 2060 243 2118 uit
257 2059 332 2116 enim
347 2078 496 2135 personam
511 2060 602 2126 amiel,
617 2079 683 2118 oum
695 2061 788 2118 induit
798 2060 913 2138 judicis.
954 2061 1076 2118 'lantum
1087 2061 1171 2119 dabit

203 2147 342 2214 amicitiae,
356 2156 389 2206 ut
403 2167 497 2204 veram
512 2149 594 2206 amici
608 2169 723 2206 causam
742 2168 804 2207 esse
818 2150 915 2207 malit:
937 2157 970 2207 nt
983 2150 1097 2207 orandae
1110 2151 1169 2208 litis

152 2243 188 2298 12
203 2245 325 2314 tempus,
340 2237 435 2314 quoad
451 2255 502 2314 per
512 2238 591 2314 leges
605 2238 696 2304 liceat,
706 2239 910 2297 accommodet.
953 2240 1027 2296 (lum
1041 2258 1108 2296 vero
1119 2240 1167 2317 ju-

202 2335 265 2385 rato
278 2327 417 2384 sententia
430 2326 550 2385 dioenda
570 2327 614 2394 sit,
630 2328 795 2393 meminerit,
810 2328 897 2386 deum
917 2348 949 2386 se
969 2329 1104 2386 adhihere
1125 2337 1168 2386 te·

203 2424 284 2483 stem,
299 2415 329 2474 id
351 2424 403 2484 est,
425 2426 458 2476 ut
479 2436 534 2495 ego
556 2417 684 2484 arbitror,
699 2425 825 2474 mentem
845 2435 1008 2497 suamque
1027 2419 1096 2477 nihil
1114 2420 1168 2477 ho·

151 2514 188 2567 13
203 2508 270 2566 nuini
283 2506 362 2566 dedit
376 2507 447 2566 deus
467 2507 528 2584 ipse
542 2507 670 2565 divinius.
712 2507 814 2583 Itaque
829 2508 997 2584 preclarum
1017 2527 1035 2565 a
1053 2509 1167 2585 majori·

202 2599 256 2658 hus
276 2599 437 2676 accepimus
461 2615 568 2654 morem
590 2596 711 2673 rogandi
731 2597 843 2673 judicis,
864 2597 889 2654 si
913 2615 978 2654 eum
997 2605 1167 2665 teneremus,

204 2709 266 2764 quo
279 2691 357 2745 solvo
373 2687 434 2762 fide
447 2689 542 2762 faeere
556 2688 655 2760 possit.
697 2687 768 2744 Haeo
788 2687 900 2765 rogatio
920 2685 958 2742 ad
978 2705 1013 2743 ea
1032 2687 1165 2764 pertinet,

203 2797 268 2855 quse
282 2779 368 2856 paulo
381 2785 447 2835 ante
461 2777 519 2834 dixi
532 2778 650 2835 honeste
671 2776 762 2834 amico
781 2795 799 2833 s
818 2776 915 2854 judice
937 2794 1021 2853 posse
1041 2777 1166 2833 concedi.

151 2870 189 2924 14
203 2868 278 2924 Nam
300 2869 323 2925 si
343 2869 435 2925 omnis
454 2866 583 2924 facienda
604 2867 668 2934 sint,
691 2884 755 2942 quae
777 2866 859 2924 amioi
872 2867 977 2924 velint:
997 2885 1055 2923 non
1072 2866 1167 2923 amio'e

153 2961 189 3016 15
203 2956 251 3013 tie
274 2958 352 3022 tales,
377 2956 428 3012 sed
448 2956 655 3032 conjurationes
676 2955 813 3033 putandoe
831 2955 894 3013 sint.
936 2955 1051 3032 Loquor
1070 2963 1168 3013 autem

204 3044 241 3102 de
255 3045 449 3102 communibus
459 3046 593 3104 amicitiis.
628 3046 658 3103 N
658 3064 705 3102 em
718 3046 747 3102 in
760 3045 933 3122 sapientibus
943 3046 1008 3102 viris
1022 3045 1168 3122 peileetis-

153 3139 189 3194 10
204 3152 260 3211 que
273 3133 341 3190 nihil
355 3141 449 3210 potest
463 3153 524 3193 esse
537 3135 604 3193 tale.
645 3135 804 3194 Damonem
814 3143 844 3193 et
856 3135 1008 3202 Phintiam,
1019 3135 1167 3213 Pythago-

203 3241 275 3290 reos,
290 3223 384 3280 lerunt
396 3223 451 3280 hoo
466 3225 558 3281 snimo
578 3225 651 3282 iuter
664 3243 695 3282 se
715 3225 810 3292 luisse,
824 3234 866 3292 ut,
888 3244 954 3282 oum
973 3243 1072 3282 eorum
1084 3224 1169 3282 alteri

205 3311 356 3390 Dionysius
370 3319 508 3388 tyrannus
523 3313 596 3370 diem
617 3313 694 3370 neeis
707 3314 912 3382 destinavisset,
931 3314 1006 3381 etis,
1021 3314 1070 3390 qui
1083 3314 1169 3372 morti

205 3401 336 3460 addictus
357 3408 440 3469 esset,
462 3419 568 3478 psuoos
589 3403 641 3459 sibi
663 3402 723 3460 dies
744 3402 1032 3460 commendandorum
1051 3421 1169 3460 suorum

205 3509 290 3549 eausa
304 3492 522 3570 postulavisset:
544 3507 593 3547 vas
607 3491 701 3548 laetus
713 3499 759 3548 est
771 3493 845 3549 alter
857 3492 920 3569 ejus
933 3492 1067 3559 sistendi;
1086 3499 1129 3557 ut,
1145 3492 1169 3550 si

155 3577 190 3636 1t
205 3580 252 3638 ille
265 3601 322 3639 non
335 3581 504 3649 revertisset,
515 3579 693 3638 moriendum
706 3587 782 3639 esset
795 3581 856 3658 ipsi
891 3581 948 3651 Qui
961 3600 1027 3640 oum
1040 3581 1079 3638 ed
1092 3581 1169 3639 diem

206 3685 237 3736 se
249 3671 411 3746 recepisset,
425 3671 579 3730 admiratus
593 3687 692 3728 eorum
705 3671 792 3730 fidem
804 3679 951 3748 tyrannus,
966 3671 1074 3748 petivit,
1089 3677 1124 3728 ιιι
1136 3687 1170 3728 se
