2692 4292
171 361 208 416 14
584 379 621 418 nn
643 379 770 419 orneris

223 523 306 562 suum
330 506 468 583 cujusque
490 507 523 564 fit
546 526 652 576 eorum,
674 528 740 585 quae
765 516 866 565 natura
886 509 998 566 fuerant
1019 508 1188 576 communia,

190 595 299 670 equod
320 596 420 671 cuique
441 597 550 674 obtigit,
565 597 594 654 id
615 599 733 674 quisque
753 604 855 656 teneat.
897 597 922 655 Ε
942 617 1000 675 quo
1020 599 1044 655 si
1056 598 1120 674 quis
1134 597 1190 655 sibi

223 693 348 760 appetet,
371 685 485 744 violabit
504 685 551 762 jus
572 687 705 744 humanoe
724 687 875 744 societatis.
918 687 975 744 Sed
996 688 1138 763 quoniam,
1153 695 1190 743 ut

223 774 356 850 praeclare
378 775 578 851 scriptumest
599 795 616 833 a
636 777 765 843 Platone,
781 795 837 833 non
857 777 939 834 nobis
953 777 1045 833 solum
1066 774 1188 833 natisn-

223 881 296 934 mua,
310 871 445 940 ortusque
465 865 552 922 nostri
572 873 683 942 partem
705 865 797 943 patria
809 865 940 933 vindicat,
956 874 1067 944 partem
1087 865 1189 934 amici;

223 959 316 1029 atque,
332 963 364 1010 ut
385 955 479 1031 placet
500 954 609 1023 Stoicis,
632 974 698 1031 quae
718 955 747 1011 in
767 955 849 1012 terris
868 955 1029 1034 gignantur,
1045 954 1083 1012 ad
1103 973 1191 1012 usum

223 1042 367 1100 hominum
389 1045 482 1100 omnia
496 1043 592 1111 creari,
607 1043 734 1101 homines
747 1052 844 1101 autem
864 1045 1010 1101 homiuum
1025 1063 1190 1102 caussasse

223 1140 380 1210 generatos,
395 1139 428 1188 ut
441 1133 494 1209 ipsi
513 1134 585 1190 inter
600 1153 630 1190 se
650 1133 711 1190 aliis
725 1133 771 1190 alii
791 1133 927 1212 prodesse
940 1141 1070 1211 possent:
1091 1134 1118 1190 in
1132 1134 1190 1191 hoc

224 1229 354 1278 naturam
374 1221 512 1279 debemus
532 1223 633 1280 ducem
649 1223 737 1299 sequI,
753 1243 917 1281 communes
938 1223 1073 1280 utilitates
1086 1222 1116 1279 in
1130 1242 1189 1280 me·

225 1309 302 1366 dium
322 1309 429 1378 afferre,
444 1312 599 1370 mutatione
623 1312 787 1380 officiorum,
809 1313 912 1380 dando,
934 1313 1105 1391 accipiendo,
1127 1319 1191 1371 tum

224 1399 339 1466 artibus,
366 1407 428 1472 tum
452 1420 546 1478 opera,
569 1410 630 1459 tum
658 1401 850 1470 facultatibus,
876 1401 1014 1460 devincire
1044 1402 1192 1460 hominum

192 1497 209 1548 6
225 1491 297 1548 inter
311 1490 438 1548 homines
453 1491 623 1550 societatem.
665 1492 894 1550 Fundamentum
909 1500 1004 1550 autem
1018 1500 1062 1550 est
1072 1492 1192 1570 justitiae

224 1581 303 1648 fides,
315 1581 343 1638 id
358 1589 402 1639 est
421 1581 562 1639 dictorum
584 1589 843 1657 conventorumque
864 1583 1021 1639 constantia
1034 1589 1064 1639 et
1076 1582 1190 1640 veritas.

224 1671 268 1727 Ex
289 1690 354 1746 quo,
369 1690 541 1748 quamquam
563 1672 617 1728 hoc
639 1671 782 1728 videbitur
802 1672 921 1729 sortasse
942 1671 1063 1749 cuipiam
1083 1671 1191 1738 durius,

225 1767 321 1816 tamen
331 1760 486 1816 audeamus
496 1761 597 1817 imitari
610 1760 729 1827 Stoicos,
741 1761 790 1837 qui
804 1760 930 1819 studiose
945 1761 1103 1839 exquirunt,
1114 1761 1192 1818 unde

225 1849 313 1906 verba
329 1848 384 1904 sint
401 1849 504 1916 ducta;
526 1849 741 1927 credamusque,
757 1851 824 1928 quia
843 1851 902 1917 fiat,
918 1851 995 1928 quod
1015 1850 1191 1919 dictumest,

226 1938 398 2014 appellatam
413 1938 506 1995 fidem.

198 2027 215 2085 7
270 2025 329 2083 Sed
356 2027 501 2102 injustitiae
529 2047 633 2105 genera
655 2028 713 2086 duo
733 2036 816 2086 sunt:
845 2048 934 2086 unum
955 2049 1062 2096 eorum,
1083 2028 1131 2105 qui
1151 2028 1192 2084 in·

226 2116 337 2183 ferunt;
358 2117 479 2173 alterum
490 2136 596 2184 eorum,
608 2117 656 2194 qui
671 2119 708 2175 ab
719 2118 760 2184 iis,
772 2119 874 2194 quibus
888 2119 1013 2186 infertur,
1026 2119 1049 2176 si
1063 2126 1192 2197 possunt,

194 2213 284 2264 8uon
311 2206 478 2283 propulsant
501 2207 639 2282 injuriam.
690 2208 765 2264 Nam
793 2208 842 2284 qui
868 2208 972 2286 injuste
999 2209 1137 2286 impetum
1164 2207 1194 2265 iu

229 2297 391 2373 quempiam
412 2297 554 2364 sscitant
574 2297 622 2364 ira,
638 2304 688 2354 aut
708 2298 801 2374 aliqua
821 2299 1032 2374 perturbatione
1052 2298 1192 2365 incitatus,

226 2386 250 2444 is
264 2387 344 2464 quasi
363 2406 464 2444 manus
485 2387 584 2444 afferre
603 2387 715 2444 videtur
736 2388 825 2444 socio:
848 2387 896 2464 qui
916 2395 1012 2445 antem
1026 2407 1082 2445 non
1097 2387 1193 2444 defen-

227 2476 277 2544 dit,
292 2497 343 2534 ueo
358 2476 476 2545 obsistit,
491 2477 514 2534 si
529 2485 632 2554 potest,
648 2477 768 2555 injuriae,
785 2484 843 2534 tam
865 2484 910 2534 est
929 2478 959 2534 in
978 2477 1054 2545 vitio,
1070 2475 1195 2554 quamsi

228 2576 358 2644 parentes
372 2575 423 2624 aut
437 2567 540 2624 amicos
554 2577 604 2624 aut
618 2568 741 2644 patriam
754 2567 875 2624 deserat.
1109 2628 1185 2650 „-

196 2663 213 2715 9
268 2656 366 2733 Atque
380 2657 435 2714 illae
449 2657 564 2733 quidem
584 2657 703 2734 injuriae,
718 2675 781 2733 quae
800 2655 918 2713 nocendi
940 2675 1027 2713 causa
1047 2655 1084 2714 de
1098 2655 1192 2713 indus·

228 2745 281 2801 tria
303 2746 469 2813 inferuntur,
492 2765 568 2823 saepe
597 2765 613 2802 a
642 2755 722 2803 metu
742 2746 974 2823 proficiscuntur;
1005 2766 1070 2803 cum
1090 2746 1122 2812 is,
1146 2745 1194 2821 qui

227 2853 327 2892 nocere
350 2834 430 2892 alteri
452 2835 565 2912 cogitat,
587 2835 675 2902 timet,
697 2855 742 2902 ne,
763 2835 815 2892 nisi
839 2835 869 2891 id
893 2836 1000 2902 fecerit,
1015 2836 1076 2912 ipse
1101 2836 1194 2911 aliquo

178 2931 215 2982 lu
229 2925 365 2981 afficiatur
378 2924 563 2982 incommodo.
606 2925 759 2982 Maximam
773 2931 871 2982 autem
886 2933 997 3003 partem
1011 2925 1048 2981 ad
1063 2925 1193 3000 injuriam

159 3023 170 3040 ·
228 3014 389 3071 faciundam
403 3015 614 3092 aggrediuntur,
629 3023 662 3071 ut
676 3014 868 3090 adipiscantur
881 3033 922 3082 ea,
938 3034 1003 3093 quae
1027 3014 1193 3090 concupive-

228 3111 310 3160 runt:
332 3104 430 3180 inquo
445 3104 511 3162 vitio
529 3103 663 3161 latissime
678 3110 759 3181 patet
772 3103 899 3162 avaritia.
941 3103 1026 3161 VIII.
1048 3104 1194 3180 Expetun-

230 3200 277 3250 tur
300 3202 396 3251 autem
417 3194 520 3252 divitiae
542 3214 607 3252 cum
634 3193 670 3250 ad
692 3213 760 3250 usus
780 3193 846 3250 vitae
875 3192 1055 3258 necessarios,
1075 3200 1137 3249 tum
1157 3190 1194 3248 ad

198 3290 215 3341 2
231 3284 415 3360 perfruendas
426 3285 596 3362 voluptates.
639 3285 673 3340 Iu
688 3283 791 3359 quibus
803 3290 899 3340 autem
913 3283 1006 3358 major
1019 3288 1063 3339 est
1077 3281 1194 3348 animus,

133 3359 140 3372 ¹
202 3365 209 3370 ’
230 3374 258 3431 in
278 3374 310 3432 iis
331 3375 455 3451 pecuniae
471 3374 611 3450 cupiditas
632 3378 745 3449 spectat
765 3371 802 3428 ad
823 3391 893 3448 opes
913 3379 943 3429 et
963 3371 1001 3428 ad
1020 3370 1196 3449 gratificandi

230 3465 412 3522 facultatem:
434 3471 466 3520 ut
481 3481 571 3540 nuper
592 3463 630 3521 M.
648 3462 768 3518 Orassus
782 3463 914 3539 negabat,
929 3461 1016 3518 ullam
1030 3461 1098 3517 satis
1118 3478 1195 3538 mag-

231 3573 295 3610 nam
310 3554 458 3631 pecuniam
474 3571 535 3610 esse
550 3552 583 3618 ei,
598 3551 689 3628 quiin
706 3551 866 3628 republica
881 3551 1012 3629 princeps
1026 3551 1111 3607 vellet
1125 3567 1195 3615 esse,

199 3649 217 3701 8
232 3645 313 3721 cujus
327 3645 464 3701 fructibus
479 3641 632 3700 exercitum
643 3641 784 3701 alerenen
798 3648 903 3717 posset.
944 3640 1097 3696 Delectant
1110 3639 1196 3696 etiam

231 3733 371 3808 magnifici
391 3739 545 3809 apparatus
559 3730 681 3808 vitaque
701 3732 795 3789 cultus
811 3749 877 3787 oum
896 3729 1037 3808 elegantia
1055 3736 1087 3786 et
1105 3727 1195 3806 copia.

14 2014 162 2042 mac-‘¹'

142 3931 201 3958 a·-
243 3903 512 4038 ia-tt‘t‘pjwaa·

475 4019 494 4098 g.
