2692 4292
575 379 659 418 mnus
672 379 715 418 111.
757 378 822 419 eae.
837 378 876 419 11.
1193 369 1232 424 99

219 505 258 567 ad
272 505 422 566 amicitiam
435 506 549 564 tertium
562 506 761 565 adscriberent.
797 508 871 566 Cum
882 507 968 585 igitur
977 505 1015 574 id,
1025 507 1102 584 qnod
1110 509 1179 566 utile
1194 515 1232 569 18

219 595 332 654 videtur
345 595 373 651 in
387 595 515 661 amicitia,
538 615 603 652 oum
627 614 669 661 eo,
692 596 769 672 quod
789 598 940 654 honestum
962 604 1014 662 est,
1036 615 1179 674 eompara-

219 691 275 752 tur,
289 685 382 761 jaceat
395 683 522 740 utilitatis
537 685 653 760 speeies,
665 686 759 742 valeat
772 685 913 743 honestas.
956 686 1030 742 Cum
1044 693 1139 742 autem
1152 686 1180 742 iu
1195 691 1232 746 la

219 774 350 839 amicitia,
359 792 424 849 quae
434 773 553 830 honesta
561 793 618 830 non
629 782 703 839 sunt,
716 775 942 850 postulabuntur,
956 774 1054 851 religio
1067 782 1096 831 et
1109 775 1180 831 fides

219 870 409 939 anteponatur
428 862 565 920 amicitia.
608 862 654 920 Sic
675 863 827 920 habebitur
846 863 879 930 is,
893 881 979 938 quem
999 863 1179 938 exquirimus,

220 952 348 1010 delectus
361 951 450 1008 offioii.

259 1129 310 1185 XI.
333 1127 389 1185 Sed
404 1127 530 1185 utilitatis
545 1127 638 1205 speeie
651 1127 688 1184 in
707 1147 746 1185 re
768 1127 928 1205 publiea
948 1127 1102 1204 saepissime
1113 1148 1178 1206 peo-

219 1227 307 1286 oatnr,
323 1229 355 1277 ut
367 1220 396 1277 in
405 1219 532 1278 Corinthi
542 1220 745 1278 disturbatione
753 1221 849 1279 nostri.
878 1221 983 1278 Durius
991 1221 1076 1278 etiam
1087 1221 1179 1278 Athe-

219 1309 337 1376 nienses,
352 1308 400 1383 qui
413 1309 562 1375 sciverunt,
577 1317 611 1366 ut
624 1309 777 1386 AEginetis,
791 1310 841 1385 qui
858 1310 948 1367 elassa
960 1310 1102 1376 valebant,
1117 1311 1178 1387 pol-

219 1398 286 1456 lioes
299 1397 526 1474 praeoiderentur.
569 1398 632 1454 Hoo
646 1399 737 1456 visum
756 1405 799 1455 est
812 1399 889 1456 utile.
930 1399 1021 1456 Nimis
1035 1401 1109 1456 enim
1128 1400 1211 1458 im··2

218 1487 352 1554 minebar,
368 1492 484 1564 propter
498 1487 747 1563 propinquitatem,
760 1487 866 1564 AEgina
876 1488 996 1545 Piraeeo.
1026 1488 1086 1544 Sed
1100 1487 1178 1554 nihil,

218 1575 296 1652 quod
311 1575 433 1641 erudele,
448 1575 525 1632 utile.
566 1576 618 1632 Est
632 1575 706 1634 enim
719 1575 866 1632 hominum
878 1583 996 1641 naturae,
1004 1594 1091 1652 quam
1101 1576 1181 1651 sequi

218 1665 364 1730 debemus,
379 1664 499 1720 maxime
512 1664 622 1722 inimiea
636 1664 797 1722 erudelitas.
837 1664 913 1720 Male
934 1664 1018 1721 etiam
1037 1663 1088 1739 qui
1099 1669 1212 1740 pere-8

218 1754 314 1831 gn'nos
326 1753 444 1810 urbibus
457 1753 499 1810 uti
514 1752 675 1829 prohibent,
689 1772 793 1830 eosque
807 1752 1001 1822 exterminant.
1015 1759 1048 1808 ut
1064 1753 1179 1809 Pennus

219 1842 296 1919 apud
311 1847 407 1919 patres
421 1848 541 1909 nostroe,
556 1843 664 1918 Papius
677 1861 776 1918 nuper.
817 1842 894 1898 Nam
906 1860 968 1899 essa
981 1861 1034 1918 pro
1047 1841 1117 1908 eive,
1133 1841 1181 1917 qui
1194 1846 1212 1899 4

220 1932 286 1988 aivis
305 1950 360 1988 non
381 1931 550 1998 sitientum
571 1939 614 1988 est
635 1951 691 1988 non
711 1931 811 1988 lieere:
832 1949 919 2007 quam
941 1932 1035 2008 legem
1054 1930 1181 1987 tulerunt

216 2018 412 2098 sapientissimi
434 2020 563 2077 eonsules
587 2020 708 2078 Crassus
729 2027 758 2078 et
778 2020 924 2077 Soaevola:
946 2039 1000 2077 usu
1013 2039 1082 2077 vero
1101 2019 1179 2076 urbis

219 2110 369 2186 probibere
382 2109 544 2186 peregrinos
557 2127 624 2164 sane
638 2109 822 2166 inhumanum
835 2116 887 2166 est
928 2107 983 2166 Illa
996 2107 1141 2186 praeclara,
1152 2108 1180 2164 in
1194 2115 1211 2166 5

220 2197 322 2274 quibus
342 2198 463 2274 publicae
477 2197 604 2254 utilitatis
623 2198 732 2273 speeies
746 2217 806 2274 prae
819 2199 967 2254 honestate
981 2198 1176 2256 contemnitur.

219 2287 308 2344 Plena
327 2285 522 2361 exemplorum
543 2293 587 2343 est
606 2293 704 2344 nostra
723 2305 770 2343 res
791 2286 913 2362 publiea,
928 2306 995 2344 enm
1015 2306 1100 2361 saepe,
1115 2291 1210 2344 tumt

219 2376 339 2432 maxime
362 2374 437 2434 bello
461 2375 567 2432 Punioo
591 2376 734 2433 seeundo:
755 2393 828 2451 qua,
854 2375 995 2432 Cannensi
1018 2375 1179 2431 calamitate

220 2471 345 2540 accepta,
360 2464 481 2540 majores
495 2464 602 2522 animos
616 2464 724 2531 habuit,
739 2482 825 2538 quam
838 2481 964 2537 uuquam
975 2463 1061 2520 rebus
1081 2481 1179 2519 seeun-

220 2551 273 2608 dls.
309 2551 396 2608 Nulla
409 2551 515 2608 timoris
530 2552 706 2629 significatio,
715 2553 793 2608 nulla
806 2552 911 2608 mentio
919 2551 1005 2626 pacis.
1039 2551 1212 2609 Tantaris'l

220 2647 264 2697 est
276 2640 395 2708 honesti,
411 2648 444 2698 ut
458 2641 580 2718 speeiem
591 2641 719 2699 utilitatis
730 2641 871 2698 obscuret.
912 2639 1101 2696 Athenienses
1114 2659 1180 2698 eum
1195 2647 1212 2698 8

220 2728 372 2786 Persarum
384 2729 523 2806 impetum
536 2729 614 2786 nullo
628 2729 714 2787 modo
725 2735 842 2806 possent
855 2727 1000 2795 sustinere,
1012 2736 1180 2785 statuerent-

221 2836 284 2892 que,
298 2825 332 2874 ut
345 2819 415 2876 urbe
428 2819 533 2884 relicta,
549 2818 720 2895 conjugibus
733 2825 763 2875 et
776 2817 871 2874 liberis
885 2817 1021 2875 Troezene
1035 2818 1179 2894 depositis,

220 2924 306 2962 naves
320 2907 548 2972 oonsoenderent,
562 2907 779 2983 libertatemque
796 2906 915 2963 Graeoiae
934 2907 1025 2964 classe
1046 2907 1180 2964 defende·

221 3001 283 3050 rent
295 3013 301 3060 ;
324 2995 465 3070 Cyrsilum
478 2994 633 3070 quemdam
646 2995 824 3061 suadentem,
839 3001 872 3050 ut
884 2995 913 3051 in
933 2997 1004 3054 urbe
1025 3004 1180 3065 manerent,

221 3083 399 3158 Xerxemque
419 3083 583 3160 reciperent,
605 3083 745 3159 lapidibus
765 3091 980 3160 cooperuerunt.
1021 3085 1113 3162 Atqui
1132 3086 1213 3143 illel)

222 3171 371 3228 utilitatem
385 3171 463 3248 sequi
476 3172 643 3230 videbatur:
666 3172 717 3228 sed
730 3191 765 3229 ea
777 3173 855 3228 nulla
869 3180 929 3230 erat
941 3182 1117 3251 repugnante
1131 3176 1181 3231 ho-

222 3267 338 3318 nestate.
372 3260 587 3318 Themistocles·
597 3267 663 3335 post
677 3261 822 3317 victoriam
842 3262 904 3338 ejus
926 3263 1001 3328 belli,
1018 3263 1095 3337 quod
1116 3267 1234 3319 oum10

223 3348 316 3406 Persis
329 3349 391 3415 fuit,
406 3347 476 3405 dixit
489 3349 518 3404 in
532 3348 673 3416 eonoione,
694 3368 726 3406 se
746 3350 851 3406 habere
872 3351 1018 3408 eonsilium
1037 3350 1078 3405 rei
1091 3349 1182 3424 publi·

224 3455 265 3496 eae
279 3436 411 3503 salutare,
426 3437 477 3494 sed
490 3437 519 3493 id
534 3437 597 3494 seiri
618 3456 676 3494 non
694 3457 768 3514 opus
791 3457 862 3494 essa.
902 3437 1068 3502 Postulavit,
1082 3443 1115 3492 ut
1134 3436 1182 3492 ali·

223 3543 307 3600 quem
321 3525 445 3601 populus
458 3525 548 3592 daret,
563 3526 678 3600 quioum
692 3527 917 3583 communicaret.
953 3527 1046 3580 Datus
1060 3531 1104 3579 est
1117 3524 1181 3581 Ari-
1198 3530 1232 3583 11

224 3612 318 3670 stides.
360 3613 434 3670 Huio
447 3613 503 3680 ille,
518 3615 637 3672 classem
652 3613 941 3677 Laoedaemoniorum,
956 3629 1021 3686 quae
1041 3611 1184 3670 subducta

225 3706 300 3757 esset
312 3699 350 3758 ad
365 3701 521 3778 Gytheum,
533 3703 606 3760 olam
619 3702 731 3758 incendi
743 3717 842 3777 posse:
864 3717 922 3775 qno
935 3699 1011 3756 teoto
1024 3699 1116 3778 frangi
1129 3701 1183 3759 La-
