2692 4292
410 351 495 391 urana
508 351 551 392 111.
592 351 658 394 cus.
674 355 747 394 1111.
1027 343 1083 398 111

5 495 25 530 s.
61 474 158 552 inquit
168 477 276 536 Attius.
305 478 525 557 Atcuiragno‘?
554 482 796 550 QuodaTcntalo
805 487 836 538 et
845 481 953 559 Pelope
964 503 1029 561 pro·

62 564 160 622 ditum
172 567 237 643 jure
252 568 442 626 obtinebatur.
484 569 559 626 Nam
573 576 681 646 quanto
696 571 791 647 plnres
809 573 836 629 ei
855 573 915 648 regi
936 579 1029 648 putas,
1045 580 1081 632 la

61 654 117 729 qui
137 655 263 712 exercitu
283 657 382 732 populi
402 657 522 714 Romani
542 658 681 734 populum
699 659 793 734 ipsum
806 662 965 718 ltomanum
979 680 1030 738 op-

7 765 21 800 u
61 743 225 818 pressisset,
242 744 439 821 civitatemque
458 765 515 802 non
539 747 624 804 modo
645 746 770 813 liberam,
785 748 836 804 sed
856 748 941 806 etiam
961 769 1029 826 geu·

8 856 18 909 g.
60 831 144 888 tibus
157 831 352 910 imperantem,
365 834 468 892 servire
481 834 533 893 sibi
547 835 710 912 coegisset?
739 837 824 894 Hunc
837 844 950 913 tuquas
963 857 1028 896 cou-

5 945 17 980 a
62 920 192 978 scientiae
217 921 297 978 labes
319 921 348 977 in
370 921 463 980 animo
487 940 584 980 censes
611 923 768 981 habuisset
799 942 865 999 quta
887 925 1028 983 vulnera?

5 1035 16 1070 ε,
63 1009 159 1084 Cujus
181 1017 277 1066 autem
295 1010 354 1066 vita
374 1009 428 1086 ipsi
448 1018 543 1088 potest
562 1011 638 1068 utilis
658 1029 810 1078 esseorum
832 1013 895 1088 ejus
908 1014 975 1070 vita
994 1033 1029 1071 ea
1043 1020 1081 1072 14

5 1125 15 1158 x
63 1098 191 1155 conditio
211 1099 257 1166 sit,
271 1105 312 1164 ut,
328 1099 376 1174 qui
396 1099 473 1156 illam
493 1100 635 1175 eripuerit,
650 1100 679 1155 in
698 1101 821 1157 maxima
833 1109 863 1158 et
880 1102 973 1178 gratia
985 1102 1029 1159 fu-

5 1215 13 1251 t
62 1194 148 1244 turus
163 1188 198 1244 sit
212 1195 242 1244 et
254 1187 369 1264 gloria?
404 1188 512 1255 Quodsi
525 1190 587 1246 haec
601 1188 680 1246 utilia
697 1207 753 1245 non
770 1198 926 1267 suntquis
941 1191 1028 1248 maxi·
1044 1197 1081 1251 15

5 1264 10 1339 ,ἑ
62 1295 111 1332 me
125 1275 266 1342 videntur,
280 1277 346 1352 qnia
365 1277 450 1353 plena
469 1283 536 1334 sunt
549 1275 695 1335 dedecoris
714 1296 747 1334 ac
764 1279 963 1356 turpitudinis;
984 1299 1028 1337 sa-

62 1365 101 1422 tis
122 1383 291 1441 persuasum
311 1383 373 1422 esse
393 1365 487 1432 debet,
506 1365 575 1422 nihil
593 1383 656 1424 esse
675 1367 753 1434 utile,
767 1368 845 1444 quod
864 1387 921 1426 non
941 1369 1028 1427 hone·

63 1461 142 1511 stum
156 1453 201 1512 sit.

104 1631 201 1688 XXII.
223 1631 401 1707 Quamquam
416 1631 445 1688 id
456 1631 579 1707 quidem,
591 1651 656 1690 cum
670 1651 749 1708 saepe
762 1632 839 1700 alias,
850 1639 912 1690 tum
925 1634 1029 1711 Pyrrhi

62 1719 141 1778 bello
155 1739 173 1776 a
188 1719 220 1777 O.
236 1719 373 1786 Fabricio,
387 1721 501 1778 consule
515 1721 626 1788 iterum,
641 1728 702 1778 eta
720 1729 820 1778 senatu
839 1730 936 1780 nostro
954 1723 1029 1800 judi-

5 1831 7 1838 ’
63 1817 162 1867 catum
175 1815 228 1866 est.
271 1808 345 1866 (ium
359 1809 434 1866 enim
447 1827 498 1866 rex
513 1809 642 1886 Pyrrhus
658 1811 765 1886 populo
778 1811 908 1868 Romano
922 1812 1060 1871 belluna

62 1899 142 1956 ultro
155 1898 302 1964 intulisset,
317 1917 439 1973 cumque
453 1898 489 1954 de
503 1898 620 1974 imperio
634 1907 777 1955 certamen
790 1909 866 1956 esset
882 1919 948 1958 cum
961 1920 1029 1979 rege

62 2005 204 2064 generoso
217 2005 251 2044 ac
265 1994 380 2062 potente
387 1987 405 2053 ;’
416 1987 536 2064 perfuga
550 1988 587 2045 ab
601 2007 636 2046 eo
649 1988 726 2046 venit
743 1988 774 2044 in
792 1997 885 2046 castra
898 1989 1026 2058 Fabricii,

63 2077 147 2152 eique
172 2083 217 2134 est
240 2075 388 2152 pollicitus,
413 2075 437 2133 si
461 2077 608 2152 praemium
631 2077 684 2133 sibi
709 2078 910 2154 proposuisset,
935 2098 973 2145 se,
995 2087 1029 2138 ut

63 2166 140 2223 clam
153 2165 284 2232 venisset,
300 2165 339 2222 sic
359 2165 432 2221 clam
451 2165 480 2221 in
493 2165 597 2241 Pyrrhi
617 2172 710 2222 castra
729 2166 893 2233 rediturum,
913 2175 942 2224 et
962 2187 1028 2225 eum

62 2273 174 2314 veneno
187 2261 360 2312 necatmum.
402 2254 487 2310 Hunc
501 2253 644 2310 Fabricius
658 2253 853 2313 reducendum
868 2257 977 2314 eumvit
990 2257 1027 2314 ad

61 2344 226 2420 Pyrrhum:
248 2343 333 2418 idque
346 2343 408 2419 ejus
422 2343 529 2400 factum
544 2343 692 2400 laudatum
705 2361 725 2398 a
737 2350 836 2400 senatu
850 2351 901 2400 est.
936 2345 1027 2419 Atqui
1042 2353 1059 2402 3

62 2433 87 2490 si
107 2432 233 2509 speciem
254 2433 380 2488 utilitatis
400 2431 614 2507 opinionemque
634 2431 795 2507 quierimus,
809 2449 944 2507 maguum
957 2431 1027 2488 illud

62 2523 173 2580 bellum
194 2521 315 2598 perfuga
334 2539 407 2578 unus
424 2528 453 2577 et
473 2539 589 2598 gravem
606 2519 798 2576 adversarium
811 2518 919 2594 imperii
933 2525 1027 2576 sustu·

62 2611 158 2668 iisset:
182 2609 232 2666 sed
246 2627 382 2686 magnum
397 2609 521 2666 dedecus
536 2615 565 2665 et
579 2608 726 2686 flagitium,
737 2607 850 2683 quicum
863 2605 954 2663 laudis
967 2626 1026 2664 cer·

63 2707 161 2756 tamen
188 2699 296 2765 fuisset,
325 2717 390 2754 eum
417 2715 473 2754 non
499 2698 611 2764 virtute,
640 2696 692 2756 sed
718 2694 825 2753 scelere
852 2703 1025 2771 superatum.

63 2789 172 2845 Utrum
192 2787 277 2864 igitur
292 2786 387 2843 utilius
400 2787 445 2844 vel
466 2786 602 2852 Fabricio,
617 2785 665 2861 qui
678 2784 743 2842 talis
756 2784 784 2840 iu
797 2783 850 2840 hac
864 2783 942 2850 urbe,
957 2803 1026 2860 qua·
1041 2791 1060 2844 4

63 2877 98 2934 lis
119 2875 261 2933 Aristides
282 2875 404 2932 Athenis
424 2875 485 2941 fuit,
501 2875 546 2931 vel
566 2873 676 2931 senatui
695 2879 800 2938 nostro,
815 2871 863 2946 qui
883 2890 1028 2948 nunquam

64 2966 218 3023 utilitatem
238 2982 255 3020 a
269 2963 404 3040 dignitate
424 2963 555 3039 sejunxit,
571 2963 655 3019 armis
677 2981 742 3019 cum
761 2962 843 3018 hoste
857 2969 974 3029 certare,
989 2981 1026 3020 an

64 3053 203 3112 venenis?
245 3052 276 3109 Si
289 3051 388 3128 gloriae
401 3069 486 3108 causa
500 3051 648 3127 imperium
663 3049 854 3126 expetendum
868 3055 919 3115 est,
934 3052 1026 3110 scelus
1040 3062 1058 3112 5

65 3143 148 3208 absit,
164 3141 192 3202 in
206 3159 263 3215 quo
276 3159 332 3198 nou
346 3147 441 3216 potest
457 3159 518 3196 esse
539 3140 643 3217 gloria:
666 3140 709 3196 sin
722 3139 792 3214 ipsae
806 3155 875 3214 opes
889 3147 1025 3214 expetun-

65 3238 111 3288 tur
131 3249 248 3305 quoquo
268 3229 361 3294 modo,
384 3246 439 3285 non
463 3235 596 3304 poterunt
619 3228 702 3284 utiles
726 3245 788 3284 esse
812 3247 878 3284 cum
903 3227 1024 3286 infamia.

65 3319 132 3376 Non
146 3319 234 3394 igitur
247 3317 322 3374 utilis
335 3317 382 3373 illa
396 3317 428 3374 L.
444 3317 577 3395 Philippi,
593 3317 626 3385 Q.
643 3316 685 3382 F.,
701 3317 855 3374 sententia:
875 3335 948 3393 quas
961 3317 1025 3375 civi·
1039 3322 1057 3373 6

64 3416 138 3466 tates
162 3407 194 3466 L.
210 3406 298 3472 Sulla,
314 3406 432 3482 pecunia
454 3412 579 3481 accepta,
595 3423 630 3461 ex
650 3412 766 3461 senatus
783 3406 913 3462 consulto
926 3405 1026 3462 libera·

65 3497 160 3561 visset,
177 3502 211 3551 ut
231 3513 274 3550 eae
293 3512 390 3550 rursus
405 3493 681 3568 vectigales'esseut,
702 3511 794 3567 neque
813 3493 846 3549 iis
867 3492 1024 3567 pecuniam,

66 3605 152 3660 quam
166 3601 220 3660 pro
234 3583 363 3642 libertate
374 3581 519 3647 dederant,
531 3581 721 3638 redderemus.
755 3581 808 3635 Est
817 3579 843 3635 ei
856 3585 1026 3634 senatus-as·
1042 3578 1059 3636 Ι’1

66 3692 173 3731 mustis,
209 3672 305 3746 Turpe
318 3669 443 3747 imperio.
478 3669 636 3726 Piratarum
650 3668 724 3724 enim
737 3667 835 3724 melior
847 3663 927 3732 fides,
941 3683 1028 3741 quam
