2692 4292
532 349 618 390 arura
632 349 675 388 111.
716 347 783 388 car.
797 349 826 388 r.
1145 333 1183 388 01

166 477 240 535 tatio
253 476 364 544 accidit,
380 477 464 554 quale
478 477 515 534 sit
528 477 565 544 id,
581 477 617 535 de
631 496 689 554 quo
702 476 901 535 consideretur.
943 474 1028 552 Soepe
1042 476 1130 536 enim·
1145 481 1181 536 11

166 573 298 644 tempore
312 568 353 634 fit,
364 574 405 635 ut,
417 567 494 644 quod
508 574 591 644 turpe
606 567 774 644 plerumque
786 562 884 624 haberi
898 566 996 632 soleat,
1009 566 1130 624 invenia-

166 663 216 714 tur
235 676 292 714 ncn
312 675 374 715 esse
394 664 487 734 turpe.
528 656 659 734 Exempli
680 673 767 715 cause
784 662 907 733 ponatur
921 655 1037 732 aliquid,
1051 655 1131 734 quod

167 753 266 823 pateat
276 746 367 804 latius
398 745 482 814 Quod
493 752 589 823 potest
599 745 693 823 majus
703 744 1130 820 essescelus‚quamnoumodo
1146 750 1183 804 12

166 835 318 901 hominem,
338 835 389 892 sed
409 835 494 892 etiam
513 835 680 892 familiarem
699 833 841 891 homiuem
860 833 1010 891 occidere?
1052 834 1130 891 Num
1186 832 1188 837 '

165 923 255 1001 igitur
274 942 304 981 se
324 924 451 981 astrinxit
470 923 585 991 scelere,
600 923 687 1000 siqui
706 930 857 1000 tyranuum
875 922 987 990 occidit,
1001 923 1131 999 quamvis

165 1013 355 1070 familiarem?
395 1013 508 1089 Populo
527 1013 642 1089 quidem
666 1013 796 1070 Romano
815 1030 872 1068 uon
892 1010 1013 1078 videtur,
1026 1011 1075 1087 qui
1094 1030 1130 1068 ex
1145 1017 1182 1070 la

165 1102 297 1160 omnibus
312 1102 452 1178 proeclaris
466 1101 549 1158 sactis
559 1101 630 1159 illud
645 1100 864 1177 pulcherrimum
875 1100 1026 1158 existimat.
1055 1100 1132 1158 Vicit

166 1209 238 1268 ergo
251 1190 355 1248 utilitas
369 1190 569 1248 honestatem?
600 1191 692 1248 Immo
702 1209 770 1248 vero
780 1190 958 1248 honestatem
968 1189 1075 1248 utilitas
1085 1194 1131 1248 est

166 1286 328 1338 consecuta.

207 1457 317 1534 Itaque,
331 1465 365 1516 ut
378 1457 438 1516 sine
452 1457 510 1516 ullo
529 1477 622 1516 errore
636 1457 792 1536 dijudicare
812 1458 963 1536 possimus,
977 1457 1129 1534 siquando
1144 1461 1183 1516 14

166 1567 233 1606 cum
246 1548 303 1614 illo,
319 1549 396 1624 quod
417 1549 568 1608 honestum
587 1547 781 1625 intelligimus,
796 1566 924 1626 pugnare
937 1547 967 1605 id
980 1546 1129 1615 videbitur,

166 1637 246 1713 quod
266 1638 444 1714 appellamus
462 1637 540 1706 utile,
563 1637 686 1695 formula
705 1637 839 1713 quedam
858 1635 1056 1695 constituenda
1075 1643 1129 1704 est,

166 1745 252 1802 quam
273 1727 296 1784 si
316 1746 468 1803 sequemur
490 1727 518 1784 iu
545 1726 753 1804 comparatione
773 1744 877 1791 rerum,
891 1726 929 1783 ab
948 1724 1039 1782 officio
1058 1745 1129 1781 nun·

165 1835 252 1892 quam
263 1817 438 1874 recedemus,
473 1816 535 1874 Erit
545 1824 642 1874 autem
653 1816 716 1874 haec
726 1815 848 1874 formula
858 1815 1018 1872 Stoicorum
1028 1814 1129 1872 rationi
1144 1819 1181 1875 15

166 1905 376 1982 disciplineque
395 1905 516 1964 maxime
537 1913 743 1964 consentanea:
764 1924 851 1982 quam
863 1903 979 1982 quidem
993 1904 1037 1962 bis
1050 1905 1129 1962 libris

164 2005 317 2071 propterea
330 1995 483 2072 sequimur,
498 1995 584 2071 quod,
600 2013 774 2072 quamquam
787 2001 817 2052 et
829 2013 847 2051 a
859 1995 1003 2052 veteribus
1016 1994 1129 2052 Acade·

164 2084 243 2141 micis
254 2091 283 2141 et
297 2103 316 2140 a
327 2084 524 2160 Peripateticis
536 2085 643 2152 vestris,
655 2084 705 2161 qui
713 2084 857 2160 quondam
866 2084 950 2142 iidem
964 2091 1052 2150 erant,
1064 2103 1128 2161 que

164 2173 285 2230 honesta
304 2182 370 2230 sunt
390 2181 603 2250 anteponuntur
622 2174 663 2241 iis,
678 2192 744 2250 quae
764 2173 895 2230 videntur
914 2173 1012 2240 utilia;
1033 2182 1129 2232 tamen

165 2261 339 2340 splendidius
353 2263 415 2320 hec
430 2263 517 2321 abeis
528 2263 714 2330 disseruntur,
728 2263 840 2340 quibus,
853 2262 1041 2339 quicquid
1062 2264 1127 2320 ho-

164 2361 317 2410 nestum
337 2359 404 2419 est,
426 2352 525 2410 idem
546 2353 647 2410 utile
667 2353 789 2420 videtur,
810 2371 879 2410 uec
899 2352 1001 2410 utile
1020 2352 1127 2428 quic-

165 2461 288 2518 quam,
310 2442 409 2518 quod
435 2461 507 2500 non
531 2443 871 2518 honestum-quam
895 2441 932 2498 ab
956 2440 998 2507 iis,
1025 2441 1128 2517 quibus

165 2537 215 2588 aut
228 2530 377 2588 honestum
392 2531 497 2607 aliquid
512 2550 568 2588 uon
579 2532 656 2598 utile,
667 2539 718 2589 aut
727 2531 796 2588 utile
806 2549 862 2587 non
873 2531 1032 2586 honestum.
1068 2530 1127 2587 Nc·
1143 2535 1179 2589 16

165 2619 209 2678 bis
222 2627 317 2677 autem
329 2627 428 2678 nostra
441 2621 599 2678 Academia
613 2639 747 2697 magnam
761 2619 902 2678 licentiam
916 2619 975 2687 dat,
990 2628 1023 2676 ut
1037 2620 1127 2696 quod-

166 2727 275 2784 cunque
290 2710 411 2767 maxime
426 2710 572 2786 probabile
585 2716 725 2776 occurrat,
740 2709 770 2767 id
789 2717 887 2767 nostro
897 2709 963 2787 jure
980 2709 1064 2768 liceat
1077 2709 1127 2767 de-

166 2797 290 2856 fendere
331 2799 389 2858 Sed
402 2799 489 2862 redeo
503 2799 542 2856 ad
554 2799 716 2858 formulam.
798 2853 802 2858 ,

204 2976 240 3034 V.
262 2977 420 3036 Detrahere
433 2977 519 3056 igitur
532 2977 612 3036 alteri
625 2977 740 3055 aliquid,
755 2985 785 3037 et
798 2978 941 3038 homiuem
954 2979 1073 3038 hominis
1085 2978 1127 3038 in·

166 3066 315 3124 commodo
335 3086 420 3124 suum
439 3087 544 3147 augere
565 3069 757 3145 commodum,
771 3069 862 3146 magis
876 3076 921 3126 est
934 3077 1031 3128 contra
1043 3077 1126 3128 natu-

165 3173 234 3221 ram,
249 3174 335 3231 quam
348 3175 433 3224 mors,
445 3176 531 3234 quam
545 3168 707 3235 paupertas,
718 3177 805 3235 quam
820 3159 908 3226 dolor,
923 3179 1009 3236 quam
1023 3167 1126 3228 cetera,
1183 3209 1194 3221 .

165 3262 229 3320 quae
243 3252 362 3320 possrmt
375 3253 426 3303 aut
444 3247 555 3322 corpori
570 3247 697 3304 accidere
710 3255 761 3305 aut
775 3249 861 3306 rebus
875 3250 1005 3308 extemis.
1048 3248 1124 3307 Nam
1139 3253 1157 3306 2

166 3333 302 3410 principio
310 3335 383 3393 tollit
393 3335 552 3392 convictum
562 3336 718 3392 humanum
727 3344 758 3393 et
767 3337 938 3396 societatem.
960 3339 991 3396 Si
1002 3338 1075 3396 enim
1086 3337 1126 3394 sio

164 3421 269 3478 erimus
289 3423 390 3489 affecti,
406 3431 438 3481 ut
459 3431 576 3501 propter
594 3443 678 3481 suum
692 3426 811 3502 quisque
825 3428 1046 3484 emolumentum
1059 3444 1125 3501 spo·

164 3509 213 3567 liet
223 3517 273 3567 aut
283 3511 369 3569 violet
379 3513 508 3580 alterum,
521 3513 645 3591 dirumpi
658 3533 775 3572 necesse
789 3523 833 3572 est
846 3534 918 3581 eam,
929 3533 995 3591 quae
1004 3514 1125 3570 maxime

164 3605 210 3656 est
227 3601 384 3658 secuudum
402 3611 541 3669 naturam,
557 3603 673 3660 humaui
693 3604 804 3681 generis
823 3603 995 3660 societatem.
1036 3602 1086 3670 Ut,
1100 3601 1157 3660 sit

163 3689 387 3768 unumquodque
400 3692 558 3752 membrum
571 3711 687 3754 sensum
699 3693 776 3751 huuc
789 3691 917 3759 baberet,
927 3696 961 3750 ut
972 3708 1058 3769 posse
1069 3709 1125 3770 pu·

1332 3140 1334 3195 l

1329 3240 1333 3326 J
