2692 4292
503 336 590 374 mana
609 335 641 376 11.
683 335 750 375 cae.
771 336 835 375 vm.
1132 320 1172 376 dt

152 464 293 542 quamdiu
313 464 462 541 imperium
482 463 580 540 populi
600 464 721 521 Romani
739 463 878 521 beneficiis
890 464 1050 530 tenebatur,
1063 481 1122 522 noa

151 554 278 633 injuriis:
294 554 368 611 bella
382 561 432 610 aut
447 572 499 629 pro
513 553 601 619 sociis,
614 561 663 610 aut
678 553 715 610 de
727 553 845 628 imperio
858 554 1047 630 gerebantur;
1061 553 1118 609 exi·

155 647 203 699 tus
217 650 296 700 erant
310 643 448 699 bellorum
462 650 512 699 aut
525 643 607 698 mites
621 649 672 698 aut
691 643 855 707 necessarii;
876 661 985 719 regum,
1000 639 1119 718 populo·

154 750 229 799 rum,
238 732 383 788 nationum
397 739 496 807 portus
510 737 570 788 erat
581 739 609 787 et
622 732 763 808 refugium
776 739 908 797 senatus;
922 732 1010 788 nostri
1023 740 1120 788 autem
1133 737 1152 788 3

154 821 337 898 magistratus
354 821 594 896 imperatoresque
609 839 643 876 ex
658 820 711 877 hac
725 838 825 876 unare
838 821 992 876 maximam
1005 819 1121 877 laudem

155 927 258 985 capere
272 910 433 975 studebant,
448 909 471 966 si
486 909 648 985 provinciae,
665 909 689 964 si
701 909 792 965 socios
812 910 945 985 aequitate
958 916 988 966 et
1001 908 1057 965 fide
1070 909 1119 965 de-

154 998 317 1055 fendissent.
347 999 449 1074 Itaque
462 998 531 1054 illud
544 998 730 1074 patrocinium
743 997 818 1056 orbis
828 1007 913 1055 terrae
923 999 1023 1063 verius,
1035 1017 1121 1074 quam
1134 1001 1153 1055 4

154 1086 303 1162 imperium
318 1095 430 1164 poterat
443 1087 587 1144 nominari.
630 1087 830 1144 Sensim·henc
845 1087 1076 1144 consuetudinem
1090 1095 1152 1146 eth

154 1175 330 1253 disciplinam
341 1177 401 1253 jam
415 1177 628 1233 minuebamus:
648 1183 715 1252 post
728 1195 796 1233 vero
809 1177 898 1233 Sulla
911 1177 1056 1233 victoriam
1071 1195 1119 1253 pe·

153 1265 230 1321 nitus
253 1265 403 1323 amisimus.
444 1265 575 1321 Desitum
596 1273 640 1321 est
659 1266 733 1322 enim
747 1265 835 1322 videri
855 1266 1007 1342 quicquam
1026 1266 1056 1323 in
1075 1271 1153 1323 sod

154 1353 213 1410 cios
227 1354 360 1429 iniquum,
376 1373 442 1411 cum
457 1354 595 1410 extitisset
609 1354 636 1410 in
651 1354 726 1412 cives
740 1362 820 1411 tanta
842 1355 1001 1412 crudelitas.
1042 1356 1120 1432 Ergo
1134 1354 1153 1413 7

153 1443 182 1499 in
197 1444 245 1500 illo
255 1451 352 1500 secuta
366 1451 409 1500 est
423 1445 570 1500 honestam
585 1461 700 1500 causam
713 1462 770 1499 non
784 1445 903 1500 honesta
914 1445 1036 1501 victoria.
1068 1445 1121 1500 Est

154 1533 229 1590 enim
252 1551 338 1590 ausus
359 1533 461 1598 dicere,
476 1533 558 1588 hasta
580 1533 680 1609 posita,
697 1551 762 1589 cum
780 1533 855 1589 bona
868 1533 897 1588 in
909 1533 971 1589 foro
985 1532 1122 1589 venderet

154 1629 185 1678 et
199 1623 336 1680 bonorum
349 1622 480 1687 virorum,
492 1629 521 1678 et
534 1621 719 1697 locupletum,
734 1629 764 1677 et
777 1629 853 1678 certe
867 1621 978 1686 civium,
994 1620 1121 1697 praedam
1147 1623 1150 1626 ’

154 1729 185 1767 se
200 1729 281 1767 suam
295 1711 425 1768 vendere.
467 1709 588 1766 Secutus
603 1718 653 1776 est,
670 1711 718 1786 qui
739 1711 767 1766 in
789 1728 876 1767 causa
896 1710 989 1787 impia,
1004 1709 1121 1766 victoria
1135 1716 1153 1768 8

154 1801 241 1856 etiam
254 1799 381 1866 foediore,
396 1819 452 1856 non
470 1800 644 1877 singulorum
666 1800 769 1857 civium
792 1801 867 1857 bona
887 1799 1052 1876 publicaret,
1068 1799 1121 1856 sed

153 1889 299 1946 universas
322 1889 478 1965 provincias
499 1889 685 1966 regionesque
705 1909 762 1946 uno
776 1889 944 1947 calamitatis
965 1889 1029 1966 jure
1043 1908 1120 1946 com·
1174 1955 1182 1969 ,

154 1978 351 2054 prehenderet.
393 1979 502 2054 Itaque,
517 1978 625 2035 vexatis
639 1998 672 2036 ac
687 1979 803 2055 perditis
825 1979 928 2035 exteris
950 1979 1119 2046 nationibus,
1135 1984 1153 2037 9

154 2068 194 2124 ad
216 2068 377 2144 exemplum
398 2067 492 2124 amissi
513 2068 621 2144 imperii
642 2069 749 2144 portari
761 2069 789 2125 in
803 2069 947 2145 triumpho
968 2068 1121 2126 Massiliam

154 2158 286 2222 vidimus,
301 2164 330 2214 et
344 2175 379 2212 ex
393 2175 427 2214 ea
448 2158 517 2214 urbe
540 2157 718 2234 triumphari,
733 2158 791 2215 sine
806 2177 863 2234 qua
875 2177 1020 2234 nunquam
1033 2158 1122 2215 nostri

154 2248 339 2324 imperatores
353 2265 388 2303 ex
402 2245 589 2323 Transalpinis
604 2247 684 2303 bellis
694 2248 913 2323 triumpharunt.
943 2248 1035 2304 Multa
1049 2265 1120 2324 prae-
1136 2252 1174 2304 10

155 2344 235 2393 terea
249 2353 497 2392 commemorarem
517 2335 624 2392 nefaria
637 2336 665 2392 in
679 2337 778 2403 socios,
794 2337 817 2394 si
831 2338 885 2392 hoo
899 2355 956 2392 uno
970 2337 1122 2413 quicquam

156 2426 199 2482 sol
211 2424 324 2481 vidisset
334 2424 483 2502 indignius.
517 2426 588 2483 Jure
598 2425 685 2502 igitur
696 2426 854 2503 plectimur.
886 2425 947 2482 Nisi
961 2426 1035 2481 enim
1049 2424 1120 2480 mul·
1137 2430 1173 2483 11

156 2522 251 2572 torum
265 2513 403 2590 impunita
421 2514 527 2570 seelera
547 2514 717 2581 tulissemus,
733 2533 877 2589 nunquam
890 2513 928 2569 ad
941 2533 1029 2570 unum
1044 2520 1124 2570 tanta

156 2603 330 2681 pervenisset
352 2603 479 2659 licentia:
501 2622 518 2658 a
539 2622 595 2679 quo
615 2603 731 2678 quidem
745 2603 785 2659 rei
798 2601 940 2658 familiaris
953 2602 991 2658 ad
1006 2621 1121 2678 paucos,

157 2693 347 2769 cupiditatum
360 2691 397 2748 ad
412 2692 515 2749 multos
529 2692 673 2768 improbos
687 2692 764 2748 venit
786 2691 937 2748 hereditas.
979 2691 1040 2748 Nec
1055 2709 1123 2748 vero
1137 2696 1174 2749 12

156 2801 283 2858 unquam
297 2781 435 2839 bellorum
450 2781 571 2838 civilium
585 2801 682 2838 semen
695 2789 726 2838 et
738 2800 824 2838 causa
837 2780 935 2847 deerit,
947 2780 1018 2836 dum
1032 2780 1121 2837 homi-

157 2891 209 2930 nes
228 2871 332 2948 perditi
354 2871 465 2928 hastam
485 2871 571 2927 illam·
582 2879 729 2928 cruentam
742 2878 772 2927 et
793 2870 969 2927 meminerint
983 2878 1012 2926 et
1026 2888 1122 2946 spera-

157 2963 238 3020 bunt.
268 2961 360 3029 Quam
373 2959 407 3017 P.
419 2960 498 3018 Sulla
509 2980 574 3017 oum
583 2961 730 3027 vibrasset,
740 2960 880 3018 dictatore
891 2959 1050 3036 propinquo
1058 2979 1122 3029 suo,
1136 2965 1142 2970 ”

157 3050 234 3108 idem
256 3059 336 3107 sexto
358 3050 498 3113 tricesimo
520 3069 594 3107 anno
613 3057 681 3127 post
694 3069 711 3106 a
725 3049 901 3107 sceleratiore
914 3048 997 3106 hasta
1009 3067 1066 3106 non
1078 3068 1123 3106 ro·

158 3138 251 3196 cessit.
282 3139 366 3196 Alter
379 3147 483 3206 autem,
495 3139 543 3216 qui
556 3141 585 3196 in
598 3139 645 3196 illa
659 3139 800 3196 dictatura
813 3139 905 3196 scriba
917 3139 1020 3206 iuerat,
1031 3139 1059 3196 in
1069 3138 1124 3198 hac

158 3227 213 3285 fuit
227 3235 360 3304 quaestor
371 3229 505 3286 urbanus.
546 3230 590 3285 Ex
608 3247 664 3305 quo
685 3229 772 3286 debet
791 3227 917 3306 intelligi,
933 3228 1037 3285 talibus
1051 3245 1121 3304 prae·
1138 3232 1175 3284 la

157 3317 222 3374 miis
235 3316 394 3394 propositis,
410 3335 554 3393 nunquam
574 3317 708 3376 defutura
728 3317 804 3374 bella
817 3316 916 3374 civilia.
957 3319 1059 3392 ltaque
1074 3334 1122 3392 pa·
1139 3321 1177 3374 14

158 3405 242 3463 rietes
264 3406 349 3463 modo
370 3405 446 3463 urbis
469 3413 545 3463 stant
565 3415 594 3464 et
613 3413 736 3472 manent,
751 3407 825 3482 iique
845 3406 899 3484 ipsi
916 3406 977 3483 jam
998 3412 1125 3462 extrema

159 3495 266 3552 scelera
289 3502 466 3552 metuentes:
494 3514 553 3552 rem
576 3514 643 3554 vero
668 3496 811 3572 publicam
835 3495 948 3571 penitus
971 3492 1123 3551 amisimus.

47 3657 67 3672 ἢ
159 3583 258 3660 Atque
272 3583 300 3640 in
314 3585 367 3640 has
381 3583 476 3641 clades
495 3584 643 3642 incidimus
658 3583 848 3662 (redeundum
862 3591 907 3640 est
919 3582 994 3638 enim
1006 3580 1045 3636 ad
1059 3599 1123 3657 pro·
1139 3588 1177 3642 15

159 3671 307 3752 positum),
330 3672 401 3731 dum
423 3673 520 3741 metrii,
540 3691 626 3750 quam
650 3673 708 3796 cqri
730 3691 793 3730 esse
816 3678 847 3728 et
867 3669 947 3747 diligi
963 3669 1124 3730 malumus.

650 3767 668 3818 6
