<?xml version="1.0" encoding="UTF-8"?>
<!DOCTYPE html PUBLIC "-//W3C//DTD XHTML 1.0 Transitional//EN"
    "http://www.w3.org/TR/xhtml1/DTD/xhtml1-transitional.dtd">
<html xmlns="http://www.w3.org/1999/xhtml" xml:lang="en" lang="en">
 <head>
  <title>
</title>
<meta http-equiv="Content-Type" content="text/html;charset=utf-8" />
  <meta name='ocr-system' content='tesseract 3.04.00' />
  <meta name='ocr-capabilities' content='ocr_page ocr_carea ocr_par ocr_line ocrx_word'/>
</head>
<body>
  <div class='ocr_page' id='page_1' title='image "./mtulliiciceroni02thacgoog_0071.png"; bbox 0 0 2692 4292; ppageno 0'>
   <div class='ocr_carea' id='block_1_1' title="bbox 466 796 902 874">
    <p class='ocr_par' dir='ltr' id='par_1_1' title="bbox 466 796 902 874">
     <span class='ocr_line' id='line_1_1' title="bbox 466 796 902 874; baseline 0.009 -4"><span class='ocrx_word' id='word_1_1' title='bbox 466 796 611 870; x_wconf 84' lang='lat' dir='ltr'>LIBER</span> <span class='ocrx_word' id='word_1_2' title='bbox 637 797 902 874; x_wconf 80' lang='lat' dir='ltr'><strong>SECUNDUS.</strong></span> 
     </span>
    </p>
   </div>
   <div class='ocr_carea' id='block_1_2' title="bbox 558 1025 809 1036">
    <p class='ocr_par' dir='ltr' id='par_1_2' title="bbox 558 1025 809 1036">
     <span class='ocr_line' id='line_1_2' title="bbox 558 1025 809 1036; baseline 0.008 -2"><span class='ocrx_word' id='word_1_3' title='bbox 558 1025 809 1036; x_wconf 60' lang='lat'>———...</span> 
     </span>
    </p>
   </div>
   <div class='ocr_carea' id='block_1_3' title="bbox 173 1183 1141 1353">
    <p class='ocr_par' dir='ltr' id='par_1_3' title="bbox 173 1183 1141 1353">
     <span class='ocr_line' id='line_1_3' title="bbox 214 1183 1139 1255; baseline 0.003 -13"><span class='ocrx_word' id='word_1_4' title='bbox 214 1185 238 1242; x_wconf 94' lang='grc' dir='ltr'><strong>Ι.</strong></span> <span class='ocrx_word' id='word_1_5' title='bbox 254 1183 586 1254; x_wconf 74' lang='lat' dir='ltr'><strong>Quuunnuouuuofficia</strong></span> <span class='ocrx_word' id='word_1_6' title='bbox 596 1183 977 1254; x_wconf 82' lang='lat' dir='ltr'><strong>ducerenturnbhonestate,</strong></span> <span class='ocrx_word' id='word_1_7' title='bbox 987 1185 1139 1255; x_wconf 87' lang='lat' dir='ltr'><strong>Marcefili,</strong></span> 
     </span>
     <span class='ocr_line' id='line_1_4' title="bbox 173 1273 1141 1353; baseline 0.003 -22"><span class='ocrx_word' id='word_1_8' title='bbox 173 1281 261 1351; x_wconf 84' lang='lat' dir='ltr'><strong>etque</strong></span> <span class='ocrx_word' id='word_1_9' title='bbox 275 1275 313 1333; x_wconf 84' lang='lat' dir='ltr'><strong>ab</strong></span> <span class='ocrx_word' id='word_1_10' title='bbox 327 1275 403 1334; x_wconf 90' lang='lat' dir='ltr'><strong>omni</strong></span> <span class='ocrx_word' id='word_1_11' title='bbox 416 1293 520 1353; x_wconf 83' lang='lat' dir='ltr'>genere</span> <span class='ocrx_word' id='word_1_12' title='bbox 531 1273 651 1342; x_wconf 88' lang='lat' dir='ltr'><strong>virtutis,</strong></span> <span class='ocrx_word' id='word_1_13' title='bbox 667 1275 735 1332; x_wconf 84' lang='lat' dir='ltr'><strong>satis</strong></span> <span class='ocrx_word' id='word_1_14' title='bbox 749 1276 921 1352; x_wconf 84' lang='lat' dir='ltr'><strong>explicatum</strong></span> <span class='ocrx_word' id='word_1_15' title='bbox 935 1277 1056 1335; x_wconf 80' lang='lat' dir='ltr'><strong>arbitror</strong></span> <span class='ocrx_word' id='word_1_16' title='bbox 1068 1277 1141 1335; x_wconf 91' lang='lat' dir='ltr'><strong>libro</strong></span> 
     </span>
    </p>
   </div>
   <div class='ocr_carea' id='block_1_4' title="bbox 66 1365 1173 1444">
    <p class='ocr_par' dir='ltr' id='par_1_4' title="bbox 66 1365 1173 1444">
     <span class='ocr_line' id='line_1_5' title="bbox 66 1365 1173 1444; baseline 0.003 -23"><span class='ocrx_word' id='word_1_17' title='bbox 66 1435 70 1440; x_wconf 28' lang='grc'>1</span> <span class='ocrx_word' id='word_1_18' title='bbox 173 1365 326 1442; x_wconf 81' lang='lat' dir='ltr'><strong>superiore.</strong></span> <span class='ocrx_word' id='word_1_19' title='bbox 368 1365 510 1442; x_wconf 83' lang='lat' dir='ltr'><strong>Sequitur,</strong></span> <span class='ocrx_word' id='word_1_20' title='bbox 533 1371 566 1422; x_wconf 90' lang='lat' dir='ltr'><strong>ut</strong></span> <span class='ocrx_word' id='word_1_21' title='bbox 587 1365 649 1422; x_wconf 80' lang='lat' dir='ltr'><strong>haec</strong></span> <span class='ocrx_word' id='word_1_22' title='bbox 673 1365 828 1422; x_wconf 88' lang='lat' dir='ltr'><strong>officiorum</strong></span> <span class='ocrx_word' id='word_1_23' title='bbox 850 1385 954 1443; x_wconf 83' lang='lat' dir='ltr'><strong>genera</strong></span> <span class='ocrx_word' id='word_1_24' title='bbox 976 1372 1173 1444; x_wconf 77' lang='lat' dir='ltr'><strong>persequar,2</strong></span> 
     </span>
    </p>
   </div>
   <div class='ocr_carea' id='block_1_5' title="bbox 172 1453 1239 3768">
    <p class='ocr_par' dir='ltr' id='par_1_5' title="bbox 172 1453 1144 1891">
     <span class='ocr_line' id='line_1_6' title="bbox 173 1453 1142 1532; baseline 0 -20"><span class='ocrx_word' id='word_1_25' title='bbox 173 1473 240 1531; x_wconf 85' lang='lat' dir='ltr'><strong>quae</strong></span> <span class='ocrx_word' id='word_1_26' title='bbox 259 1455 401 1532; x_wconf 83' lang='lat' dir='ltr'><strong>pertinent</strong></span> <span class='ocrx_word' id='word_1_27' title='bbox 422 1455 458 1512; x_wconf 81' lang='lat' dir='ltr'><strong>ad</strong></span> <span class='ocrx_word' id='word_1_28' title='bbox 480 1455 547 1513; x_wconf 82' lang='lat' dir='ltr'><strong>vitae</strong></span> <span class='ocrx_word' id='word_1_29' title='bbox 567 1455 685 1521; x_wconf 89' lang='lat' dir='ltr'><strong>cultum,</strong></span> <span class='ocrx_word' id='word_1_30' title='bbox 701 1461 731 1511; x_wconf 91' lang='lat' dir='ltr'><strong>et</strong></span> <span class='ocrx_word' id='word_1_31' title='bbox 744 1453 780 1511; x_wconf 86' lang='lat' dir='ltr'><strong>ed</strong></span> <span class='ocrx_word' id='word_1_32' title='bbox 799 1473 898 1511; x_wconf 86' lang='lat' dir='ltr'><strong>earum</strong></span> <span class='ocrx_word' id='word_1_33' title='bbox 918 1473 1023 1522; x_wconf 90' lang='lat' dir='ltr'><strong>rerum,</strong></span> <span class='ocrx_word' id='word_1_34' title='bbox 1038 1456 1142 1532; x_wconf 88' lang='lat' dir='ltr'><strong>quibus</strong></span> 
     </span>
     <span class='ocr_line' id='line_1_7' title="bbox 172 1543 1142 1621; baseline -0.001 -19"><span class='ocrx_word' id='word_1_35' title='bbox 172 1552 294 1602; x_wconf 86' lang='lat' dir='ltr'><strong>utuntur</strong></span> <span class='ocrx_word' id='word_1_36' title='bbox 307 1545 441 1611; x_wconf 89' lang='lat' dir='ltr'><strong>homines,</strong></span> <span class='ocrx_word' id='word_1_37' title='bbox 452 1544 628 1610; x_wconf 81' lang='lat' dir='ltr'><strong>facultatem,</strong></span> <span class='ocrx_word' id='word_1_38' title='bbox 637 1543 675 1600; x_wconf 85' lang='lat' dir='ltr'><strong>ad</strong></span> <span class='ocrx_word' id='word_1_39' title='bbox 689 1563 767 1620; x_wconf 74' lang='lat' dir='ltr'><strong>opeS,</strong></span> <span class='ocrx_word' id='word_1_40' title='bbox 777 1543 814 1600; x_wconf 80' lang='lat' dir='ltr'><strong>ad</strong></span> <span class='ocrx_word' id='word_1_41' title='bbox 826 1544 930 1621; x_wconf 84' lang='lat' dir='ltr'><strong>copias.</strong></span> <span class='ocrx_word' id='word_1_42' title='bbox 962 1544 997 1600; x_wconf 92' lang='lat' dir='ltr'><strong>In</strong></span> <span class='ocrx_word' id='word_1_43' title='bbox 1008 1563 1066 1620; x_wconf 90' lang='lat' dir='ltr'><strong>quo</strong></span> <span class='ocrx_word' id='word_1_44' title='bbox 1079 1551 1142 1602; x_wconf 88' lang='lat' dir='ltr'><strong>tum</strong></span> 
     </span>
     <span class='ocr_line' id='line_1_8' title="bbox 173 1633 1141 1711; baseline -0.003 -19"><span class='ocrx_word' id='word_1_45' title='bbox 173 1635 264 1710; x_wconf 85' lang='lat' dir='ltr'><strong>queeri</strong></span> <span class='ocrx_word' id='word_1_46' title='bbox 279 1634 343 1702; x_wconf 87' lang='lat' dir='ltr'><strong>dixi,</strong></span> <span class='ocrx_word' id='word_1_47' title='bbox 359 1634 426 1711; x_wconf 91' lang='lat' dir='ltr'><strong>quid</strong></span> <span class='ocrx_word' id='word_1_48' title='bbox 440 1634 517 1701; x_wconf 90' lang='lat' dir='ltr'><strong>utile,</strong></span> <span class='ocrx_word' id='word_1_49' title='bbox 532 1633 599 1710; x_wconf 93' lang='lat' dir='ltr'><strong>quid</strong></span> <span class='ocrx_word' id='word_1_50' title='bbox 614 1633 729 1690; x_wconf 91' lang='lat' dir='ltr'><strong>inutile:</strong></span> <span class='ocrx_word' id='word_1_51' title='bbox 748 1640 811 1690; x_wconf 92' lang='lat' dir='ltr'><strong>tum</strong></span> <span class='ocrx_word' id='word_1_52' title='bbox 825 1651 861 1689; x_wconf 84' lang='lat' dir='ltr'><strong>ex</strong></span> <span class='ocrx_word' id='word_1_53' title='bbox 874 1633 991 1690; x_wconf 89' lang='lat' dir='ltr'><strong>utilibus</strong></span> <span class='ocrx_word' id='word_1_54' title='bbox 1005 1633 1074 1710; x_wconf 92' lang='lat' dir='ltr'><strong>quid</strong></span> <span class='ocrx_word' id='word_1_55' title='bbox 1087 1633 1141 1689; x_wconf 92' lang='lat' dir='ltr'><strong>uti-</strong></span> 
     </span>
     <span class='ocr_line' id='line_1_9' title="bbox 173 1721 1144 1802; baseline -0.001 -21"><span class='ocrx_word' id='word_1_56' title='bbox 173 1725 236 1791; x_wconf 90' lang='lat' dir='ltr'><strong>lius,</strong></span> <span class='ocrx_word' id='word_1_57' title='bbox 252 1731 301 1781; x_wconf 85' lang='lat' dir='ltr'><strong>aut</strong></span> <span class='ocrx_word' id='word_1_58' title='bbox 315 1725 383 1800; x_wconf 90' lang='lat' dir='ltr'><strong>quid</strong></span> <span class='ocrx_word' id='word_1_59' title='bbox 397 1725 517 1781; x_wconf 83' lang='lat' dir='ltr'><strong>maxime</strong></span> <span class='ocrx_word' id='word_1_60' title='bbox 531 1721 607 1780; x_wconf 86' lang='lat' dir='ltr'><strong>utile.</strong></span> <span class='ocrx_word' id='word_1_61' title='bbox 649 1723 694 1780; x_wconf 91' lang='lat' dir='ltr'><strong>De</strong></span> <span class='ocrx_word' id='word_1_62' title='bbox 708 1722 811 1799; x_wconf 91' lang='lat' dir='ltr'><strong>quibus</strong></span> <span class='ocrx_word' id='word_1_63' title='bbox 831 1722 926 1779; x_wconf 83' lang='lat' dir='ltr'><strong>dicere</strong></span> <span class='ocrx_word' id='word_1_64' title='bbox 942 1722 1104 1802; x_wconf 79' lang='lat' dir='ltr'><strong>aggredior,</strong></span> <span class='ocrx_word' id='word_1_65' title='bbox 1119 1722 1144 1780; x_wconf 86' lang='lat' dir='ltr'><strong>si</strong></span> 
     </span>
     <span class='ocr_line' id='line_1_10' title="bbox 173 1812 967 1891; baseline 0 -21"><span class='ocrx_word' id='word_1_66' title='bbox 173 1831 267 1891; x_wconf 81' lang='lat' dir='ltr'><strong>pauca</strong></span> <span class='ocrx_word' id='word_1_67' title='bbox 281 1814 357 1891; x_wconf 89' lang='lat' dir='ltr'><strong>prius</strong></span> <span class='ocrx_word' id='word_1_68' title='bbox 371 1813 408 1871; x_wconf 93' lang='lat' dir='ltr'><strong>de</strong></span> <span class='ocrx_word' id='word_1_69' title='bbox 421 1814 549 1871; x_wconf 82' lang='lat' dir='ltr'><strong>instituto</strong></span> <span class='ocrx_word' id='word_1_70' title='bbox 563 1832 595 1869; x_wconf 84' lang='lat' dir='ltr'><strong>ac</strong></span> <span class='ocrx_word' id='word_1_71' title='bbox 611 1813 647 1870; x_wconf 89' lang='lat' dir='ltr'><strong>de</strong></span> <span class='ocrx_word' id='word_1_72' title='bbox 659 1813 768 1889; x_wconf 89' lang='lat' dir='ltr'><strong>judicio</strong></span> <span class='ocrx_word' id='word_1_73' title='bbox 782 1831 847 1869; x_wconf 88' lang='lat' dir='ltr'><strong>meo</strong></span> <span class='ocrx_word' id='word_1_74' title='bbox 861 1812 967 1870; x_wconf 79' lang='lat' dir='ltr'><strong>dixero.</strong></span> 
     </span>
    </p>

    <p class='ocr_par' dir='ltr' id='par_1_6' title="bbox 173 1901 1239 3768">
     <span class='ocr_line' id='line_1_11' title="bbox 215 1901 1174 1979; baseline 0 -19"><span class='ocrx_word' id='word_1_75' title='bbox 215 1904 395 1979; x_wconf 67' lang='lat' dir='ltr'><strong>Quemquam*</strong></span> <span class='ocrx_word' id='word_1_76' title='bbox 415 1903 490 1960; x_wconf 88' lang='lat' dir='ltr'><strong>enim</strong></span> <span class='ocrx_word' id='word_1_77' title='bbox 510 1902 574 1960; x_wconf 82' lang='lat' dir='ltr'><strong>libri</strong></span> <span class='ocrx_word' id='word_1_78' title='bbox 596 1903 685 1960; x_wconf 85' lang='lat' dir='ltr'><strong>nostri</strong></span> <span class='ocrx_word' id='word_1_79' title='bbox 705 1902 866 1979; x_wconf 79' lang='lat' dir='ltr'><strong>complures</strong></span> <span class='ocrx_word' id='word_1_80' title='bbox 879 1921 936 1958; x_wconf 89' lang='lat' dir='ltr'><strong>non</strong></span> <span class='ocrx_word' id='word_1_81' title='bbox 950 1901 1087 1959; x_wconf 76' lang='lat' dir='ltr'><strong>modoad</strong></span> <span class='ocrx_word' id='word_1_82' title='bbox 1102 1902 1174 1960; x_wconf 77' lang='lat' dir='ltr'><strong>le·3</strong></span> 
     </span>
     <span class='ocr_line' id='line_1_12' title="bbox 173 1990 1141 2072; baseline 0 -22"><span class='ocrx_word' id='word_1_83' title='bbox 173 1993 267 2072; x_wconf 86' lang='lat' dir='ltr'><strong>gendi,</strong></span> <span class='ocrx_word' id='word_1_84' title='bbox 278 1993 328 2050; x_wconf 90' lang='lat' dir='ltr'><strong>sed</strong></span> <span class='ocrx_word' id='word_1_85' title='bbox 340 1993 472 2050; x_wconf 82' lang='lat' dir='ltr'><strong>etiamad</strong></span> <span class='ocrx_word' id='word_1_86' title='bbox 487 1990 625 2049; x_wconf 89' lang='lat' dir='ltr'><strong>scribendi</strong></span> <span class='ocrx_word' id='word_1_87' title='bbox 641 1991 767 2049; x_wconf 89' lang='lat' dir='ltr'><strong>studium</strong></span> <span class='ocrx_word' id='word_1_88' title='bbox 778 1991 981 2059; x_wconf 84' lang='lat' dir='ltr'><strong>excitaverunt,</strong></span> <span class='ocrx_word' id='word_1_89' title='bbox 990 1999 1086 2049; x_wconf 79' lang='lat' dir='ltr'><strong>tamen</strong></span> <span class='ocrx_word' id='word_1_90' title='bbox 1099 1993 1141 2050; x_wconf 91' lang='lat' dir='ltr'><strong>in-</strong></span> 
     </span>
     <span class='ocr_line' id='line_1_13' title="bbox 173 2081 1142 2159; baseline 0.001 -20"><span class='ocrx_word' id='word_1_91' title='bbox 173 2081 288 2140; x_wconf 85' lang='lat' dir='ltr'><strong>terdum</strong></span> <span class='ocrx_word' id='word_1_92' title='bbox 301 2101 407 2148; x_wconf 86' lang='lat' dir='ltr'><strong>vereor,</strong></span> <span class='ocrx_word' id='word_1_93' title='bbox 423 2100 458 2138; x_wconf 92' lang='lat' dir='ltr'><strong>ne</strong></span> <span class='ocrx_word' id='word_1_94' title='bbox 472 2081 641 2158; x_wconf 86' lang='lat' dir='ltr'><strong>quibusdam</strong></span> <span class='ocrx_word' id='word_1_95' title='bbox 662 2081 743 2138; x_wconf 90' lang='lat' dir='ltr'><strong>bonis</strong></span> <span class='ocrx_word' id='word_1_96' title='bbox 757 2082 822 2138; x_wconf 89' lang='lat' dir='ltr'><strong>viris</strong></span> <span class='ocrx_word' id='word_1_97' title='bbox 837 2082 1025 2159; x_wconf 83' lang='lat' dir='ltr'><strong>philosopbiae</strong></span> <span class='ocrx_word' id='word_1_98' title='bbox 1038 2101 1142 2140; x_wconf 90' lang='lat' dir='ltr'><strong>nomeu</strong></span> 
     </span>
     <span class='ocr_line' id='line_1_14' title="bbox 174 2171 1141 2249; baseline 0.001 -21"><span class='ocrx_word' id='word_1_99' title='bbox 174 2172 210 2229; x_wconf 91' lang='lat' dir='ltr'><strong>sit</strong></span> <span class='ocrx_word' id='word_1_100' title='bbox 225 2172 353 2238; x_wconf 88' lang='lat' dir='ltr'><strong>invisum,</strong></span> <span class='ocrx_word' id='word_1_101' title='bbox 368 2172 567 2247; x_wconf 86' lang='lat' dir='ltr'><strong>mirenturque,</strong></span> <span class='ocrx_word' id='word_1_102' title='bbox 583 2171 611 2227; x_wconf 90' lang='lat' dir='ltr'><strong>in</strong></span> <span class='ocrx_word' id='word_1_103' title='bbox 632 2189 665 2228; x_wconf 83' lang='lat' dir='ltr'><strong>ee</strong></span> <span class='ocrx_word' id='word_1_104' title='bbox 686 2179 798 2229; x_wconf 79' lang='lat' dir='ltr'><strong>tantum</strong></span> <span class='ocrx_word' id='word_1_105' title='bbox 818 2191 864 2228; x_wconf 91' lang='lat' dir='ltr'><strong>me</strong></span> <span class='ocrx_word' id='word_1_106' title='bbox 879 2190 975 2249; x_wconf 82' lang='lat' dir='ltr'><strong>operae</strong></span> <span class='ocrx_word' id='word_1_107' title='bbox 988 2180 1018 2229; x_wconf 91' lang='lat' dir='ltr'><strong>et</strong></span> <span class='ocrx_word' id='word_1_108' title='bbox 1031 2180 1141 2249; x_wconf 82' lang='lat' dir='ltr'><strong>tempo·</strong></span> 
     </span>
     <span class='ocr_line' id='line_1_15' title="bbox 173 2260 1175 2339; baseline 0 -21"><span class='ocrx_word' id='word_1_109' title='bbox 173 2261 212 2318; x_wconf 91' lang='lat' dir='ltr'><strong>ris</strong></span> <span class='ocrx_word' id='word_1_110' title='bbox 235 2279 347 2338; x_wconf 88' lang='lat' dir='ltr'><strong>ponere.</strong></span> <span class='ocrx_word' id='word_1_111' title='bbox 388 2261 451 2338; x_wconf 84' lang='lat' dir='ltr'><strong>Ego</strong></span> <span class='ocrx_word' id='word_1_112' title='bbox 472 2269 567 2318; x_wconf 82' lang='lat' dir='ltr'><strong>autem</strong></span> <span class='ocrx_word' id='word_1_113' title='bbox 581 2278 666 2337; x_wconf 84' lang='lat' dir='ltr'><strong>quam</strong></span> <span class='ocrx_word' id='word_1_114' title='bbox 681 2260 731 2318; x_wconf 94' lang='lat' dir='ltr'><strong>diu</strong></span> <span class='ocrx_word' id='word_1_115' title='bbox 743 2280 789 2318; x_wconf 91' lang='lat' dir='ltr'><strong>res</strong></span> <span class='ocrx_word' id='word_1_116' title='bbox 804 2261 918 2339; x_wconf 78' lang='lat' dir='ltr'><strong>publico</strong></span> <span class='ocrx_word' id='word_1_117' title='bbox 932 2280 1045 2338; x_wconf 86' lang='lat' dir='ltr'><strong>percos</strong></span> <span class='ocrx_word' id='word_1_118' title='bbox 1060 2280 1140 2339; x_wconf 86' lang='lat' dir='ltr'><strong>gere·</strong></span> <span class='ocrx_word' id='word_1_119' title='bbox 1155 2264 1175 2319; x_wconf 84' lang='lat'>4</span> 
     </span>
     <span class='ocr_line' id='line_1_16' title="bbox 174 2350 1140 2428; baseline -0.002 -20"><span class='ocrx_word' id='word_1_120' title='bbox 174 2351 267 2417; x_wconf 83' lang='lat' dir='ltr'><strong>betur,</strong></span> <span class='ocrx_word' id='word_1_121' title='bbox 282 2350 384 2428; x_wconf 91' lang='lat' dir='ltr'><strong>quibus</strong></span> <span class='ocrx_word' id='word_1_122' title='bbox 399 2369 429 2407; x_wconf 90' lang='lat' dir='ltr'><strong>se</strong></span> <span class='ocrx_word' id='word_1_123' title='bbox 443 2351 505 2427; x_wconf 82' lang='lat' dir='ltr'><strong>ipsa</strong></span> <span class='ocrx_word' id='word_1_124' title='bbox 525 2351 711 2417; x_wconf 84' lang='lat' dir='ltr'><strong>commiserat,</strong></span> <span class='ocrx_word' id='word_1_125' title='bbox 726 2369 825 2408; x_wconf 91' lang='lat' dir='ltr'><strong>omnes</strong></span> <span class='ocrx_word' id='word_1_126' title='bbox 845 2369 924 2407; x_wconf 82' lang='lat' dir='ltr'><strong>meas</strong></span> <span class='ocrx_word' id='word_1_127' title='bbox 938 2369 1020 2406; x_wconf 80' lang='lat' dir='ltr'><strong>cures</strong></span> <span class='ocrx_word' id='word_1_128' title='bbox 1034 2351 1140 2427; x_wconf 81' lang='lat' dir='ltr'><strong>cogita·</strong></span> 
     </span>
     <span class='ocr_line' id='line_1_17' title="bbox 174 2439 1174 2517; baseline 0.004 -21"><span class='ocrx_word' id='word_1_129' title='bbox 174 2441 319 2517; x_wconf 89' lang='lat' dir='ltr'><strong>tionesque</strong></span> <span class='ocrx_word' id='word_1_130' title='bbox 332 2440 361 2497; x_wconf 92' lang='lat' dir='ltr'><strong>in</strong></span> <span class='ocrx_word' id='word_1_131' title='bbox 375 2459 438 2498; x_wconf 86' lang='lat' dir='ltr'><strong>eam</strong></span> <span class='ocrx_word' id='word_1_132' title='bbox 458 2440 646 2498; x_wconf 79' lang='lat' dir='ltr'><strong>conferebam.</strong></span> <span class='ocrx_word' id='word_1_133' title='bbox 688 2440 763 2497; x_wconf 81' lang='lat' dir='ltr'><strong>Cum</strong></span> <span class='ocrx_word' id='word_1_134' title='bbox 784 2450 880 2497; x_wconf 81' lang='lat' dir='ltr'><strong>sutem</strong></span> <span class='ocrx_word' id='word_1_135' title='bbox 897 2439 1045 2495; x_wconf 84' lang='lat' dir='ltr'><strong>dominatu</strong></span> <span class='ocrx_word' id='word_1_136' title='bbox 1058 2439 1174 2500; x_wconf 82' lang='lat' dir='ltr'><strong>unius5</strong></span> 
     </span>
     <span class='ocr_line' id='line_1_18' title="bbox 174 2528 1141 2606; baseline -0.002 -19"><span class='ocrx_word' id='word_1_137' title='bbox 174 2531 267 2587; x_wconf 86' lang='lat' dir='ltr'><strong>omnia</strong></span> <span class='ocrx_word' id='word_1_138' title='bbox 281 2537 449 2597; x_wconf 88' lang='lat' dir='ltr'><strong>tenerentur,</strong></span> <span class='ocrx_word' id='word_1_139' title='bbox 464 2549 555 2606; x_wconf 90' lang='lat' dir='ltr'><strong>neque</strong></span> <span class='ocrx_word' id='word_1_140' title='bbox 573 2536 647 2587; x_wconf 89' lang='lat' dir='ltr'><strong>esset</strong></span> <span class='ocrx_word' id='word_1_141' title='bbox 667 2549 788 2606; x_wconf 88' lang='lat' dir='ltr'><strong>usquam</strong></span> <span class='ocrx_word' id='word_1_142' title='bbox 811 2529 926 2586; x_wconf 85' lang='lat' dir='ltr'><strong>consilio</strong></span> <span class='ocrx_word' id='word_1_143' title='bbox 948 2536 998 2585; x_wconf 83' lang='lat' dir='ltr'><strong>aut</strong></span> <span class='ocrx_word' id='word_1_144' title='bbox 1020 2528 1141 2585; x_wconf 76' lang='lat' dir='ltr'><strong>auctori-</strong></span> 
     </span>
     <span class='ocr_line' id='line_1_19' title="bbox 173 2617 1140 2695; baseline -0.003 -18"><span class='ocrx_word' id='word_1_145' title='bbox 173 2620 226 2676; x_wconf 83' lang='lat' dir='ltr'><strong>tati</strong></span> <span class='ocrx_word' id='word_1_146' title='bbox 240 2620 327 2686; x_wconf 89' lang='lat' dir='ltr'><strong>locus,</strong></span> <span class='ocrx_word' id='word_1_147' title='bbox 342 2619 432 2677; x_wconf 90' lang='lat' dir='ltr'><strong>socios</strong></span> <span class='ocrx_word' id='word_1_148' title='bbox 446 2619 566 2695; x_wconf 90' lang='lat' dir='ltr'><strong>denique</strong></span> <span class='ocrx_word' id='word_1_149' title='bbox 587 2619 702 2676; x_wconf 86' lang='lat' dir='ltr'><strong>tuendae</strong></span> <span class='ocrx_word' id='word_1_150' title='bbox 716 2619 756 2675; x_wconf 90' lang='lat' dir='ltr'><strong>rei</strong></span> <span class='ocrx_word' id='word_1_151' title='bbox 770 2617 900 2695; x_wconf 88' lang='lat' dir='ltr'><strong>publicae,</strong></span> <span class='ocrx_word' id='word_1_152' title='bbox 915 2637 1044 2675; x_wconf 89' lang='lat' dir='ltr'><strong>summos</strong></span> <span class='ocrx_word' id='word_1_153' title='bbox 1057 2617 1140 2686; x_wconf 86' lang='lat' dir='ltr'><strong>viros,</strong></span> 
     </span>
     <span class='ocr_line' id='line_1_20' title="bbox 174 2707 1140 2786; baseline 0 -21"><span class='ocrx_word' id='word_1_154' title='bbox 174 2709 343 2766; x_wconf 84' lang='lat' dir='ltr'><strong>amisissem:</strong></span> <span class='ocrx_word' id='word_1_155' title='bbox 358 2727 410 2766; x_wconf 89' lang='lat' dir='ltr'><strong>nec</strong></span> <span class='ocrx_word' id='word_1_156' title='bbox 421 2727 467 2766; x_wconf 87' lang='lat' dir='ltr'><strong>me</strong></span> <span class='ocrx_word' id='word_1_157' title='bbox 477 2708 629 2786; x_wconf 83' lang='lat' dir='ltr'><strong>angoribus</strong></span> <span class='ocrx_word' id='word_1_158' title='bbox 643 2707 747 2774; x_wconf 90' lang='lat' dir='ltr'><strong>dedidi,</strong></span> <span class='ocrx_word' id='word_1_159' title='bbox 759 2707 862 2784; x_wconf 90' lang='lat' dir='ltr'><strong>quibus</strong></span> <span class='ocrx_word' id='word_1_160' title='bbox 876 2725 969 2764; x_wconf 83' lang='lat' dir='ltr'><strong>essem</strong></span> <span class='ocrx_word' id='word_1_161' title='bbox 983 2707 1140 2775; x_wconf 88' lang='lat' dir='ltr'><strong>conlectus,</strong></span> 
     </span>
     <span class='ocr_line' id='line_1_21' title="bbox 174 2796 1139 2875; baseline -0.001 -20"><span class='ocrx_word' id='word_1_162' title='bbox 174 2799 225 2855; x_wconf 90' lang='lat' dir='ltr'><strong>nisi</strong></span> <span class='ocrx_word' id='word_1_163' title='bbox 238 2799 270 2856; x_wconf 91' lang='lat' dir='ltr'><strong>iis</strong></span> <span class='ocrx_word' id='word_1_164' title='bbox 284 2798 456 2866; x_wconf 86' lang='lat' dir='ltr'><strong>restitissem,</strong></span> <span class='ocrx_word' id='word_1_165' title='bbox 466 2817 518 2856; x_wconf 91' lang='lat' dir='ltr'><strong>nec</strong></span> <span class='ocrx_word' id='word_1_166' title='bbox 528 2817 640 2855; x_wconf 90' lang='lat' dir='ltr'><strong>rursum</strong></span> <span class='ocrx_word' id='word_1_167' title='bbox 655 2797 776 2875; x_wconf 85' lang='lat' dir='ltr'><strong>indignis</strong></span> <span class='ocrx_word' id='word_1_168' title='bbox 790 2797 902 2854; x_wconf 91' lang='lat' dir='ltr'><strong>homine</strong></span> <span class='ocrx_word' id='word_1_169' title='bbox 913 2797 998 2854; x_wconf 88' lang='lat' dir='ltr'><strong>docto</strong></span> <span class='ocrx_word' id='word_1_170' title='bbox 1009 2796 1139 2875; x_wconf 76' lang='lat' dir='ltr'><strong>volupta-</strong></span> 
     </span>
     <span class='ocr_line' id='line_1_22' title="bbox 175 2886 1172 2964; baseline 0.002 -20"><span class='ocrx_word' id='word_1_171' title='bbox 175 2889 258 2945; x_wconf 86' lang='lat' dir='ltr'><strong>tibus.</strong></span> <span class='ocrx_word' id='word_1_172' title='bbox 290 2889 388 2964; x_wconf 89' lang='lat' dir='ltr'><strong>Atque</strong></span> <span class='ocrx_word' id='word_1_173' title='bbox 400 2888 507 2945; x_wconf 83' lang='lat' dir='ltr'><strong>utinam</strong></span> <span class='ocrx_word' id='word_1_174' title='bbox 521 2905 566 2944; x_wconf 89' lang='lat' dir='ltr'><strong>res</strong></span> <span class='ocrx_word' id='word_1_175' title='bbox 577 2887 693 2964; x_wconf 85' lang='lat' dir='ltr'><strong>publica</strong></span> <span class='ocrx_word' id='word_1_176' title='bbox 703 2886 836 2953; x_wconf 87' lang='lat' dir='ltr'><strong>stetisset,</strong></span> <span class='ocrx_word' id='word_1_177' title='bbox 846 2905 904 2964; x_wconf 94' lang='lat' dir='ltr'><strong>quo</strong></span> <span class='ocrx_word' id='word_1_178' title='bbox 914 2894 1043 2964; x_wconf 87' lang='lat' dir='ltr'><strong>coeperat</strong></span> <span class='ocrx_word' id='word_1_179' title='bbox 1053 2894 1139 2955; x_wconf 86' lang='lat' dir='ltr'><strong>statu,</strong></span> <span class='ocrx_word' id='word_1_180' title='bbox 1155 2893 1172 2946; x_wconf 88' lang='grc'>6</span> 
     </span>
     <span class='ocr_line' id='line_1_23' title="bbox 175 2977 1140 3054; baseline 0.002 -20"><span class='ocrx_word' id='word_1_181' title='bbox 175 2995 226 3034; x_wconf 88' lang='lat' dir='ltr'><strong>nec</strong></span> <span class='ocrx_word' id='word_1_182' title='bbox 236 2977 264 3034; x_wconf 91' lang='lat' dir='ltr'><strong>in</strong></span> <span class='ocrx_word' id='word_1_183' title='bbox 274 2977 400 3034; x_wconf 85' lang='lat' dir='ltr'><strong>homines</strong></span> <span class='ocrx_word' id='word_1_184' title='bbox 410 2995 467 3034; x_wconf 91' lang='lat' dir='ltr'><strong>non</strong></span> <span class='ocrx_word' id='word_1_185' title='bbox 476 2983 535 3033; x_wconf 84' lang='lat' dir='ltr'><strong>tam</strong></span> <span class='ocrx_word' id='word_1_186' title='bbox 547 2977 819 3044; x_wconf 83' lang='lat' dir='ltr'><strong>commutandarum,</strong></span> <span class='ocrx_word' id='word_1_187' title='bbox 828 2995 915 3054; x_wconf 85' lang='lat' dir='ltr'><strong>quam</strong></span> <span class='ocrx_word' id='word_1_188' title='bbox 924 2977 1140 3036; x_wconf 85' lang='lat' dir='ltr'><strong>evertendarum</strong></span> 
     </span>
     <span class='ocr_line' id='line_1_24' title="bbox 175 3065 1173 3144; baseline 0.003 -22"><span class='ocrx_word' id='word_1_189' title='bbox 175 3085 269 3122; x_wconf 90' lang='lat' dir='ltr'><strong>rerum</strong></span> <span class='ocrx_word' id='word_1_190' title='bbox 284 3066 401 3143; x_wconf 90' lang='lat' dir='ltr'><strong>cupidos</strong></span> <span class='ocrx_word' id='word_1_191' title='bbox 419 3065 568 3124; x_wconf 87' lang='lat' dir='ltr'><strong>incidisset.</strong></span> <span class='ocrx_word' id='word_1_192' title='bbox 609 3065 738 3123; x_wconf 90' lang='lat' dir='ltr'><strong>Primum</strong></span> <span class='ocrx_word' id='word_1_193' title='bbox 752 3066 835 3132; x_wconf 89' lang='lat' dir='ltr'><strong>enim,</strong></span> <span class='ocrx_word' id='word_1_194' title='bbox 850 3073 884 3123; x_wconf 89' lang='lat' dir='ltr'><strong>ut</strong></span> <span class='ocrx_word' id='word_1_195' title='bbox 897 3073 990 3124; x_wconf 82' lang='lat' dir='ltr'><strong>stante</strong></span> <span class='ocrx_word' id='word_1_196' title='bbox 1003 3086 1034 3124; x_wconf 90' lang='lat' dir='ltr'><strong>re</strong></span> <span class='ocrx_word' id='word_1_197' title='bbox 1048 3066 1140 3144; x_wconf 93' lang='lat' dir='ltr'><strong>publi·</strong></span> <span class='ocrx_word' id='word_1_198' title='bbox 1155 3066 1173 3125; x_wconf 79' lang='grc'><strong>’1</strong></span> 
     </span>
     <span class='ocr_line' id='line_1_25' title="bbox 175 3156 1141 3235; baseline 0.003 -24"><span class='ocrx_word' id='word_1_199' title='bbox 175 3175 209 3212; x_wconf 84' lang='lat' dir='ltr'><strong>oa</strong></span> <span class='ocrx_word' id='word_1_200' title='bbox 221 3156 314 3214; x_wconf 81' lang='lat' dir='ltr'><strong>iacere</strong></span> <span class='ocrx_word' id='word_1_201' title='bbox 328 3156 496 3223; x_wconf 81' lang='lat' dir='ltr'><strong>solebamus,</strong></span> <span class='ocrx_word' id='word_1_202' title='bbox 507 3156 536 3213; x_wconf 90' lang='lat' dir='ltr'><strong>in</strong></span> <span class='ocrx_word' id='word_1_203' title='bbox 549 3157 661 3234; x_wconf 84' lang='lat' dir='ltr'><strong>egendo</strong></span> <span class='ocrx_word' id='word_1_204' title='bbox 676 3157 847 3233; x_wconf 70' lang='lat' dir='ltr'><strong>plusquam</strong></span> <span class='ocrx_word' id='word_1_205' title='bbox 861 3157 890 3213; x_wconf 90' lang='lat' dir='ltr'><strong>in</strong></span> <span class='ocrx_word' id='word_1_206' title='bbox 903 3157 1061 3225; x_wconf 91' lang='lat' dir='ltr'><strong>scribendo,</strong></span> <span class='ocrx_word' id='word_1_207' title='bbox 1073 3175 1141 3235; x_wconf 87' lang='lat' dir='ltr'><strong>ope·</strong></span> 
     </span>
     <span class='ocr_line' id='line_1_26' title="bbox 175 3245 1239 3323; baseline 0.002 -22"><span class='ocrx_word' id='word_1_208' title='bbox 175 3263 215 3301; x_wconf 86' lang='lat' dir='ltr'><strong>rae</strong></span> <span class='ocrx_word' id='word_1_209' title='bbox 236 3263 419 3322; x_wconf 85' lang='lat' dir='ltr'><strong>poneremus:</strong></span> <span class='ocrx_word' id='word_1_210' title='bbox 442 3245 543 3302; x_wconf 90' lang='lat' dir='ltr'><strong>deinde</strong></span> <span class='ocrx_word' id='word_1_211' title='bbox 565 3246 633 3323; x_wconf 91' lang='lat' dir='ltr'><strong>ipsis</strong></span> <span class='ocrx_word' id='word_1_212' title='bbox 654 3245 765 3323; x_wconf 84' lang='lat' dir='ltr'><strong>scriptis</strong></span> <span class='ocrx_word' id='word_1_213' title='bbox 784 3265 839 3303; x_wconf 90' lang='lat' dir='ltr'><strong>non</strong></span> <span class='ocrx_word' id='word_1_214' title='bbox 853 3265 895 3314; x_wconf 84' lang='lat' dir='ltr'><strong>ea,</strong></span> <span class='ocrx_word' id='word_1_215' title='bbox 912 3266 978 3323; x_wconf 73' lang='lat' dir='ltr'><strong>quie</strong></span> <span class='ocrx_word' id='word_1_216' title='bbox 990 3265 1074 3313; x_wconf 87' lang='lat' dir='ltr'><strong>nunc,</strong></span> <span class='ocrx_word' id='word_1_217' title='bbox 1089 3247 1139 3304; x_wconf 92' lang='lat' dir='ltr'><strong>sed</strong></span> <span class='ocrx_word' id='word_1_218' title='bbox 1225 3248 1239 3265; x_wconf 89' lang='grc'><strong>““</strong></span> 
     </span>
     <span class='ocr_line' id='line_1_27' title="bbox 175 3333 1173 3412; baseline 0.004 -22"><span class='ocrx_word' id='word_1_219' title='bbox 175 3335 298 3391; x_wconf 86' lang='lat' dir='ltr'><strong>actiones</strong></span> <span class='ocrx_word' id='word_1_220' title='bbox 312 3340 422 3391; x_wconf 85' lang='lat' dir='ltr'><strong>nostres</strong></span> <span class='ocrx_word' id='word_1_221' title='bbox 435 3333 644 3402; x_wconf 80' lang='lat' dir='ltr'><strong>mandaremus,</strong></span> <span class='ocrx_word' id='word_1_222' title='bbox 655 3342 690 3392; x_wconf 89' lang='lat' dir='ltr'><strong>ut</strong></span> <span class='ocrx_word' id='word_1_223' title='bbox 703 3353 780 3412; x_wconf 84' lang='lat' dir='ltr'><strong>saepe</strong></span> <span class='ocrx_word' id='word_1_224' title='bbox 794 3335 921 3393; x_wconf 86' lang='lat' dir='ltr'><strong>lecimus.</strong></span> <span class='ocrx_word' id='word_1_225' title='bbox 954 3336 1029 3393; x_wconf 82' lang='lat' dir='ltr'><strong>Cum</strong></span> <span class='ocrx_word' id='word_1_226' title='bbox 1043 3342 1141 3392; x_wconf 81' lang='lat' dir='ltr'><strong>eutem</strong></span> <span class='ocrx_word' id='word_1_227' title='bbox 1154 3341 1173 3394; x_wconf 88' lang='lat'>8</span> 
     </span>
     <span class='ocr_line' id='line_1_28' title="bbox 175 3422 1139 3502; baseline 0.001 -23"><span class='ocrx_word' id='word_1_228' title='bbox 175 3441 220 3479; x_wconf 89' lang='lat' dir='ltr'><strong>res</strong></span> <span class='ocrx_word' id='word_1_229' title='bbox 234 3422 356 3500; x_wconf 83' lang='lat' dir='ltr'><strong>publica,</strong></span> <span class='ocrx_word' id='word_1_230' title='bbox 370 3422 397 3480; x_wconf 91' lang='lat' dir='ltr'><strong>in</strong></span> <span class='ocrx_word' id='word_1_231' title='bbox 411 3442 468 3499; x_wconf 84' lang='lat' dir='ltr'><strong>que</strong></span> <span class='ocrx_word' id='word_1_232' title='bbox 481 3423 570 3480; x_wconf 91' lang='lat' dir='ltr'><strong>omnis</strong></span> <span class='ocrx_word' id='word_1_233' title='bbox 584 3443 647 3481; x_wconf 84' lang='lat' dir='ltr'><strong>mea</strong></span> <span class='ocrx_word' id='word_1_234' title='bbox 661 3443 738 3490; x_wconf 83' lang='lat' dir='ltr'><strong>cura,</strong></span> <span class='ocrx_word' id='word_1_235' title='bbox 753 3424 898 3502; x_wconf 78' lang='lat' dir='ltr'><strong>cogitatio,</strong></span> <span class='ocrx_word' id='word_1_236' title='bbox 913 3442 1000 3501; x_wconf 81' lang='lat' dir='ltr'><strong>opere</strong></span> <span class='ocrx_word' id='word_1_237' title='bbox 1015 3423 1081 3500; x_wconf 91' lang='lat' dir='ltr'><strong>poni</strong></span> <span class='ocrx_word' id='word_1_238' title='bbox 1095 3442 1139 3480; x_wconf 92' lang='lat' dir='ltr'><strong>so-</strong></span> 
     </span>
     <span class='ocr_line' id='line_1_29' title="bbox 175 3511 1137 3580; baseline -0.001 -12"><span class='ocrx_word' id='word_1_239' title='bbox 175 3511 260 3579; x_wconf 87' lang='lat' dir='ltr'><strong>lebat,</strong></span> <span class='ocrx_word' id='word_1_240' title='bbox 275 3511 352 3568; x_wconf 87' lang='lat' dir='ltr'><strong>nulla</strong></span> <span class='ocrx_word' id='word_1_241' title='bbox 373 3519 449 3569; x_wconf 86' lang='lat' dir='ltr'><strong>esset</strong></span> <span class='ocrx_word' id='word_1_242' title='bbox 469 3512 590 3580; x_wconf 90' lang='lat' dir='ltr'><strong>omnino,</strong></span> <span class='ocrx_word' id='word_1_243' title='bbox 605 3513 661 3570; x_wconf 89' lang='lat' dir='ltr'><strong>illae</strong></span> <span class='ocrx_word' id='word_1_244' title='bbox 682 3513 788 3571; x_wconf 91' lang='lat' dir='ltr'><strong>scilicet</strong></span> <span class='ocrx_word' id='word_1_245' title='bbox 810 3513 912 3570; x_wconf 85' lang='lat' dir='ltr'><strong>litterae</strong></span> <span class='ocrx_word' id='word_1_246' title='bbox 934 3511 1137 3577; x_wconf 86' lang='lat' dir='ltr'><strong>conticuerunt,</strong></span> 
     </span>
     <span class='ocr_line' id='line_1_30' title="bbox 176 3598 1173 3680; baseline 0.004 -24"><span class='ocrx_word' id='word_1_247' title='bbox 176 3600 300 3658; x_wconf 83' lang='lat' dir='ltr'><strong>forenses</strong></span> <span class='ocrx_word' id='word_1_248' title='bbox 322 3608 352 3658; x_wconf 88' lang='lat' dir='ltr'><strong>et</strong></span> <span class='ocrx_word' id='word_1_249' title='bbox 371 3601 528 3658; x_wconf 82' lang='lat' dir='ltr'><strong>senatoriae.</strong></span> <span class='ocrx_word' id='word_1_250' title='bbox 570 3602 648 3659; x_wconf 86' lang='lat' dir='ltr'><strong>Nihil</strong></span> <span class='ocrx_word' id='word_1_251' title='bbox 668 3620 753 3680; x_wconf 82' lang='lat' dir='ltr'><strong>egere</strong></span> <span class='ocrx_word' id='word_1_252' title='bbox 772 3608 867 3658; x_wconf 85' lang='lat' dir='ltr'><strong>autem</strong></span> <span class='ocrx_word' id='word_1_253' title='bbox 882 3618 948 3657; x_wconf 92' lang='lat' dir='ltr'><strong>cum</strong></span> <span class='ocrx_word' id='word_1_254' title='bbox 961 3598 1069 3655; x_wconf 83' lang='lat' dir='ltr'><strong>enimus</strong></span> <span class='ocrx_word' id='word_1_255' title='bbox 1083 3606 1173 3660; x_wconf 58' lang='lat' dir='ltr'><strong>noui</strong></span> 
     </span>
     <span class='ocr_line' id='line_1_31' title="bbox 177 3687 1139 3768; baseline 0 -20"><span class='ocrx_word' id='word_1_256' title='bbox 177 3697 282 3768; x_wconf 87' lang='lat' dir='ltr'><strong>posset,</strong></span> <span class='ocrx_word' id='word_1_257' title='bbox 296 3689 326 3748; x_wconf 91' lang='lat' dir='ltr'><strong>in</strong></span> <span class='ocrx_word' id='word_1_258' title='bbox 338 3690 382 3747; x_wconf 90' lang='lat' dir='ltr'><strong>his</strong></span> <span class='ocrx_word' id='word_1_259' title='bbox 396 3690 496 3748; x_wconf 87' lang='lat' dir='ltr'><strong>studiis</strong></span> <span class='ocrx_word' id='word_1_260' title='bbox 509 3691 547 3750; x_wconf 83' lang='lat' dir='ltr'><strong>sb</strong></span> <span class='ocrx_word' id='word_1_261' title='bbox 559 3691 636 3748; x_wconf 87' lang='lat' dir='ltr'><strong>initio</strong></span> <span class='ocrx_word' id='word_1_262' title='bbox 649 3697 779 3749; x_wconf 81' lang='lat' dir='ltr'><strong>versatus</strong></span> <span class='ocrx_word' id='word_1_263' title='bbox 793 3688 895 3755; x_wconf 73' lang='lat' dir='ltr'><strong>stetis,</strong></span> <span class='ocrx_word' id='word_1_264' title='bbox 910 3687 1073 3756; x_wconf 79' lang='lat' dir='ltr'><strong>existimavi,</strong></span> <span class='ocrx_word' id='word_1_265' title='bbox 1088 3688 1139 3748; x_wconf 91' lang='lat' dir='ltr'><strong>ho·</strong></span> 
     </span>
    </p>
   </div>
   <div class='ocr_carea' id='block_1_6' title="bbox 0 0 1353 4292">
    <p class='ocr_par' dir='ltr' id='par_1_7' title="bbox 0 0 1353 4292">
     <span class='ocr_line' id='line_1_32' title="bbox 0 0 1353 4292; baseline 0 0"><span class='ocrx_word' id='word_1_266' title='bbox 0 0 1353 4292; x_wconf 95' lang='lat' dir='ltr'><strong> </strong></span> 
     </span>
    </p>
   </div>
  </div>
 </body>
</html>
