2692 4292
520 381 605 420 mana
619 382 638 420 1.
681 382 747 422 aar.
763 382 803 420 rx.
1133 367 1170 422 15

150 510 262 579 Quibus
285 510 371 568 rebus
396 509 529 568 effectum
553 517 604 578 est,
626 517 660 568 ut
687 511 794 568 infinita
821 511 950 588 pecuniae
973 509 1117 587 cupiditas

150 607 233 658 esset.
277 601 340 658 Nec
361 619 429 656 vero
448 601 488 657 rei
510 601 653 658 familiaris
673 601 864 676 amplificatio,
879 601 982 658 nemini
1002 619 1114 666 nocens,
1130 603 1149 657 4

150 690 340 766 vituperanda
353 697 411 747 est:
433 691 483 748 sed
504 691 639 768 fugienda
653 709 767 767 semper
786 690 887 767 injuria
901 700 952 748 est.
994 690 1117 748 Maxime
1131 697 1149 748 ⁵

151 787 248 837 autem
268 781 451 837 adducuntur
473 779 606 857 plerique,
628 788 661 838 ut
682 801 731 838 eos
750 780 868 858 justitiae
892 780 985 858 capiat
1004 779 1116 847 oblivio,

151 888 219 926 cum
232 869 261 926 in
274 869 464 947 imperiorum,
476 870 623 937 honorum,
635 871 734 948 gloriae
749 869 934 947 cupiditatem
949 869 1116 927 inciderunt.

152 959 241 1024 Quod
256 959 330 1017 enim
343 967 386 1016 est
400 959 479 1036 apud
493 959 624 1027 Ennium,
1131 962 1151 1016 6

510 1086 592 1142 nulla
606 1093 702 1142 sanctu
715 1086 834 1154 noctem

470 1195 518 1232 aec
526 1177 600 1251 fides
613 1177 690 1250 repsi
703 1184 743 1233 eet
750 1195 764 1249 ;

151 1307 182 1366 id
197 1305 280 1364 latius
291 1312 380 1384 patet.
420 1305 497 1363 Nam
511 1306 644 1383 quicquid
659 1307 798 1384 ejusmodi
809 1313 861 1376 est,
872 1306 900 1364 in
913 1327 970 1384 quo
983 1327 1040 1366 non
1053 1327 1119 1386 pos-
1187 1282 1339 1323 “¹¹'‘

153 1397 210 1455 sint
224 1399 320 1475 plures
334 1396 480 1462 excellere,
496 1395 525 1452 in
545 1415 579 1454 eo
601 1397 633 1452 fit
648 1397 814 1474 plerumque
828 1405 908 1454 tanta
922 1398 1072 1465 contentio,
1087 1405 1120 1456 ut

153 1488 346 1546 difficillimum
367 1486 402 1544 sit
423 1505 533 1544 servare
553 1495 681 1544 sanctam
696 1487 867 1544 societatem.
908 1487 1070 1544 Declaravit
1089 1487 1118 1545 id
1135 1487 1152 1547 'l

152 1578 240 1634 modo
254 1577 396 1634 temeritas
412 1576 443 1634 0.
461 1577 591 1644 Caesarie,
606 1577 654 1653 qui
668 1577 763 1639 omnia
773 1577 840 1654 jura
854 1575 948 1633 divina
966 1585 1053 1653 atque
1067 1577 1120 1633 hu-

152 1686 238 1724 mana
252 1667 388 1744 pervertit
402 1674 519 1743 propter
532 1686 606 1734 eum,
622 1686 708 1743 quem
722 1667 774 1723 sibi
796 1667 858 1742 ipse
872 1665 1009 1742 opinionis
1027 1684 1122 1724 errore

153 1758 281 1824 finxerat,
297 1756 493 1833 principatum.
535 1755 587 1813 Est
607 1765 703 1814 autem
718 1756 814 1814 inlice
835 1775 938 1834 genere
959 1756 1119 1824 molestum,
1136 1762 1153 1814 8

153 1847 231 1923 quod
246 1847 273 1903 in
287 1847 416 1902 maximis
437 1845 535 1902 animis
556 1845 845 1923 splendidissimisque
866 1845 982 1922 ingeniis
996 1847 1119 1923 plerum-

153 1955 211 2013 que
231 1937 354 1992 existunt
374 1935 497 2000 honoris,
521 1935 638 2012 imperii,
663 1936 807 2011 potentiae,
822 1936 920 2014 gloriae
942 1936 1120 2012 cupiditates.

154 2026 221 2094 Quo
234 2026 324 2103 magis
346 2025 505 2082 cavendum
525 2035 576 2092 est,
592 2043 627 2081 ne
648 2026 716 2102 quid
741 2025 769 2082 in
793 2045 828 2082 eo
851 2045 955 2104 genere
978 2032 1154 2102 peccetur.9

154 2115 213 2172 Sed
227 2115 254 2171 in
276 2115 350 2172 omni
371 2115 508 2192 injustitia
530 2114 703 2191 permultum
722 2115 847 2181 interest,
862 2124 959 2172 utrum
973 2118 1122 2193 perturba-

152 2205 230 2262 tione
244 2205 336 2280 aliqua
350 2205 443 2272 animi,
459 2223 526 2281 quae
547 2206 716 2282 plerumque
737 2205 829 2263 brevis
844 2214 887 2262 est
902 2205 983 2263 etad
997 2213 1121 2283 tempus,

154 2314 191 2352 an
205 2295 334 2352 consulto
355 2303 384 2352 et
398 2295 524 2373 cogitata
543 2296 593 2352 fiat
613 2295 722 2372 injuria.
764 2295 883 2352 Leviora
903 2296 976 2352 enim
998 2300 1175 2361 suntea,10

153 2404 220 2461 quae
233 2385 380 2461 repentino
393 2385 487 2460 aliquo
500 2393 580 2442 motu
594 2386 735 2450 accidunt,
747 2403 833 2461 quam
847 2403 889 2452 ea,
901 2403 966 2460 quae
986 2383 1123 2442 meditata

154 2482 185 2532 et
208 2483 368 2552 praeparata
388 2475 553 2533 inferuntur.
594 2475 641 2532 Ac
662 2476 699 2532 de
718 2475 864 2532 inferenda
885 2475 1000 2551 quidem
1020 2474 1123 2552 injuria

154 2565 224 2623 satis
238 2565 345 2623 dictum
359 2573 410 2622 est.

196 2745 246 2802 IX.
268 2745 524 2802 Praetermittendae
544 2751 641 2805 autem
662 2745 840 2813 defensionis
857 2744 1062 2823 deserendique
1079 2746 1121 2804 of·

155 2835 210 2892 ficii
233 2835 327 2912 plures
350 2835 441 2892 solent
469 2854 531 2892 esse
562 2853 663 2892 causae.
716 2835 791 2892 Nam
816 2843 866 2892 aut
888 2836 1051 2904 inimicitias,
1072 2844 1123 2895 aut

154 2926 289 2992 laborem,
304 2932 355 2981 aut
368 2933 499 3001 sumptus
514 2925 657 3001 suscipere
678 2925 794 2992 nolunt;
816 2933 865 2982 aut
880 2927 963 2984 etiam
978 2928 1122 3005 negligen-

154 3016 204 3082 tia,
220 3015 338 3092 pigritia‚
354 3016 469 3083 inertia;
490 3022 541 3072 aut
554 3015 612 3072 suis
626 3014 728 3071 studiis
749 3016 920 3092 quibusdam
933 3017 1122 3094 occupationi·

155 3107 246 3163 busve
261 3105 300 3162 sic
314 3105 513 3182 impediuntur,
529 3114 562 3162 ut
576 3124 633 3170 eos,
649 3124 721 3180 quos
740 3106 827 3162 tutari
847 3105 979 3173 debeant,
995 3107 1123 3164 desertos

77 3243 78 3246 ,
154 3214 219 3252 esse
241 3195 392 3271 patiantur.
435 3195 536 3271 Itaque
560 3195 716 3252 videndum
736 3201 789 3260 est,
804 3214 839 3252 ne
859 3215 916 3252 non
938 3197 1005 3254 satis
1027 3196 1063 3253 sit
1083 3196 1155 3263 ida

153 3284 233 3362 quod
247 3285 326 3362 apud
340 3284 487 3342 Platonem
499 3293 541 3341 est
551 3285 579 3342 in
591 3284 776 3362 philosophos
791 3285 913 3342 dictum:
936 3286 1013 3362 quod
1023 3286 1052 3342 in
1064 3286 1124 3342 veri

153 3373 369 3453 investigatione
394 3383 547 3440 versentur,
570 3375 704 3451 quodque
731 3394 773 3441 ea,
797 3390 862 3451 quae
888 3376 1015 3452 plerique
1038 3375 1124 3430 vehe-

154 3472 264 3522 menter
283 3463 427 3542 expetant,
442 3465 595 3540 dequibus
614 3465 687 3521 inter
707 3483 737 3522 se
757 3464 905 3543 digladiari
924 3466 1040 3529 soleant,
1056 3482 1122 3520 con-

156 3561 285 3612 temnant
299 3563 328 3611 et
350 3573 401 3631 pro
422 3553 507 3610 nihilo
523 3562 632 3630 putent,
649 3562 801 3631 propterea
819 3555 913 3631 justos
934 3573 1003 3610 esse.
1047 3552 1154 3612 Nam8

155 3644 277 3702 alterum
296 3645 414 3722 justitiae
436 3663 527 3722 genus
548 3648 744 3720 assequuntur,
760 3645 788 3700 in
806 3643 952 3702 inferenda
966 3663 1001 3700 ne
1015 3644 1061 3701 cui
1074 3664 1123 3701 no·
1138 3650 1157 3704 4

44 3763 47 3770 ’
155 3739 238 3792 ceant
251 3734 369 3812 injuria3
389 3734 418 3792 in
431 3735 551 3791 alterum
566 3732 709 3791 incidunt:
730 3732 857 3790 ducendi
877 3733 951 3790 enim
964 3733 1060 3792 studio
1072 3734 1124 3794 im·
