2692 4292
519 335 605 374 mana
619 337 652 374 11.
694 335 761 376 can.
777 337 859 377 xxm.
1158 323 1199 380 88

173 464 257 522 renni
278 462 440 529 existerent,
464 470 493 522 et
513 464 664 540 optimates
687 466 949 534 exterminarentur,
973 473 1005 525 et
1027 466 1146 544 praeola-

173 553 284 612 rissimc
299 553 452 611 constituta
466 573 511 616 res
525 554 638 630 publica
651 554 831 614 dilaberetur.
867 557 929 615 Nec
943 576 1011 614 vero
1023 557 1087 632 ipsa
1100 575 1145 614 so·
1159 562 1178 616 8

173 643 236 700 lum
258 643 368 710 cecidit,
383 643 534 702 sedetiam
556 644 694 720 reliquam
716 646 857 704 Graeciam
876 647 977 704 evertit
999 647 1146 724 contagio·

173 732 260 790 nibus
282 733 431 800 malorum,
456 753 521 810 quaa
546 752 564 790 a
590 733 814 792 Lacedaemoniis
835 736 972 813 proiectu
994 743 1146 793 manarunt

172 821 268 879 latius.
311 822 411 892 Quid?
438 829 549 880 nostros
573 822 728 890 Gracchos,
750 824 790 881 Ti.
814 825 946 892 Gracchi,
960 825 1066 882 summi
1084 825 1179 893 viril

173 910 257 977 filios,
279 911 408 970 Africani
435 919 562 988 nepotes,
584 931 676 970 nonne
698 913 818 990 agrarian
838 915 1031 972 contentiones
1052 914 1145 991 perdi·

173 1001 302 1060 deuant?
332 1002 374 1059 At
389 1021 457 1059 vcro
470 1001 579 1058 Aratus
594 1001 743 1078 Sicyonius
761 1001 828 1078 jure
848 1002 992 1070 laudatur,
1007 1003 1064 1080 qui,
1079 1011 1177 1063 cumb

174 1092 239 1170 ejus
262 1091 359 1151 civitas
383 1091 589 1168 quinquaginta
609 1109 698 1148 annos
718 1109 736 1147 a
755 1093 883 1168 tyrannis
906 1099 1059 1160 teneretur,
1080 1111 1144 1170 pro

173 1183 268 1240 fectus
282 1181 370 1259 Argis
384 1181 545 1257 Sicyonem,
561 1179 738 1239 clandestino
757 1181 873 1240 introitu
886 1183 957 1242 urbe
970 1189 1015 1240 est
1027 1182 1144 1260 potitus

176 1272 307 1347 Cumque
320 1279 472 1348 tyrannum
488 1269 631 1328 Nicoclem
653 1270 807 1348 improviso
819 1273 1015 1349 oppressisset,
1029 1290 1145 1330 sexcen-

174 1367 220 1420 tos
234 1362 339 1427 exules,
354 1359 402 1436 qui
415 1359 629 1437 locupletissimi
650 1360 765 1418 fuerant
786 1362 849 1439 ejus
868 1362 998 1429 civitatis,
1012 1361 1144 1429 restituit,

174 1469 291 1528 remque
306 1449 450 1527 publicam
462 1450 589 1507 adventu
603 1469 655 1508 sno
669 1451 806 1509 liberavit.
849 1451 909 1509 Sed
923 1471 990 1509 cum
1010 1456 1177 1530 magnamb

174 1540 410 1598 animadverteret
423 1539 451 1596 in
466 1539 547 1598 bonis
565 1547 595 1596 et
609 1540 834 1616 possessionibus
848 1541 1052 1607 difficultatem,
1066 1539 1146 1617 quod

175 1636 205 1687 et
218 1648 276 1696 eos,
291 1648 363 1706 quos
377 1629 438 1704 ipsc
452 1629 624 1696 restituerat,
639 1648 762 1705 quorum
782 1631 859 1688 bona
880 1630 929 1688 alii
949 1629 1144 1707 possederant,

175 1738 259 1797 cgere
273 1718 478 1795 iniquissimum
499 1737 561 1776 esse
581 1719 782 1787 arbitrabatur,
797 1727 828 1776 et
840 1718 1045 1798 quinquaginta
1058 1737 1145 1778 auno·

174 1827 239 1866 rum
253 1808 443 1885 possessiones
456 1827 570 1866 movere
584 1827 640 1866 non
653 1809 736 1866 nimis
747 1828 863 1886 aequum
874 1810 1005 1886 putabat,
1014 1815 1144 1886 propter·

175 1915 209 1956 ea
218 1897 295 1974 quod
309 1905 369 1954 tam
383 1898 470 1975 longo
484 1898 577 1974 spatio
591 1899 681 1956 multa
695 1899 909 1966 hereditatibus,
919 1899 1010 1956 multa
1023 1898 1143 1976 emptio·

175 1987 265 2054 nibus,
281 1987 372 2044 multa
386 1986 501 2045 dotibus
522 1989 692 2046 tenebantur
713 1989 774 2047 sine
794 1989 912 2067 injuria:
931 1988 1079 2066 judicavit,
1094 2007 1143 2047 ne·

175 2095 230 2153 que
244 2077 298 2134 illis
312 2076 407 2143 adimi,
422 2096 514 2153 neque
529 2077 573 2134 his
594 2097 650 2136 non
671 2079 809 2146 satisfieri,
823 2097 945 2156 quorum
958 2078 1007 2136 illa
1019 2079 1143 2145 fuerant,

175 2175 315 2243 oportere.
350 2167 424 2224 (lum
438 2167 526 2245 igitur
538 2168 694 2235 statuisset,
704 2187 778 2246 opus
792 2187 854 2226 esse
867 2169 905 2226 ad
919 2187 982 2226 eam
995 2187 1056 2226 rem
1076 2187 1143 2226 con·
1158 2167 1175 2227 7

175 2255 348 2314 stituendam
372 2257 501 2334 pecunie,
526 2256 731 2314 Alexandriam
754 2276 785 2314 se
810 2258 949 2334 proficisci
969 2258 1042 2316 vella
1062 2257 1142 2325 dixit,

174 2365 290 2423 remque
303 2348 443 2424 integram
453 2346 490 2403 ad
501 2346 623 2404 reditum
638 2365 722 2404 suum
733 2347 819 2423 jussit
833 2364 911 2404 asse:
926 2346 1006 2422 isque
1016 2346 1145 2404 celeriter

174 2435 212 2492 ad
235 2435 434 2502 Ptolemaeum,
459 2455 543 2493 suum
567 2436 718 2512 hospitem,
738 2436 824 2502 venit,
844 2436 894 2512 qui
916 2441 978 2492 tum
1002 2436 1144 2510 regnabat

174 2525 247 2582 alter
268 2531 334 2602 post
357 2524 561 2582 Alexandriam
580 2524 740 2582 conditam:
761 2524 808 2581 cui
821 2544 887 2582 cum
900 2523 1079 2600 exposuisset
1092 2529 1176 2599 pa=8

174 2615 257 2674 trium
271 2634 301 2672 se
315 2615 432 2673 liberare
446 2615 527 2682 velle,
542 2633 715 2691 causamque
728 2613 880 2681 docuisset,
895 2632 914 2670 a
926 2631 994 2690 rege
1007 2613 1144 2690 opulento

174 2704 217 2761 vir
231 2723 358 2762 summus
371 2704 452 2762 facile
466 2704 637 2782 impetravit,
652 2709 686 2760 ut
698 2703 800 2782 grandi
814 2702 935 2781 pecunia
948 2703 1141 2781 adjuvaretur.

176 2794 268 2862 Quem
291 2809 356 2852 eum
379 2794 530 2870 Sicyonem
551 2793 703 2861 attulisset,
723 2792 855 2851 adhibuit
875 2792 929 2851 sibi
946 2793 975 2850 in
995 2791 1173 2852 consiliumss

175 2883 334 2960 quindecim
357 2883 506 2961 principes,
522 2903 588 2940 cum
602 2883 707 2959 quibus
729 2901 830 2940 causas
844 2883 978 2962 cognovit
990 2890 1021 2940 et
1033 2901 1142 2949 eorum,

175 2972 224 3049 qui
237 2973 329 3030 aliena
341 2973 485 3039 tenebant,
494 2979 524 3030 et
538 2991 645 3039 eorum,
655 2972 705 3048 qui
718 2992 772 3030 sua
784 2973 952 3031 amiserant:
967 2972 1143 3050 perfecitque

175 3061 347 3119 aestimandis
361 3062 594 3139 possessionibus,
610 3069 643 3118 ut
657 3062 844 3139 persuaderet
862 3063 932 3129 aliis,
946 3070 981 3120 ut
994 3062 1143 3139 muniam

174 3151 302 3228 accipere
326 3150 451 3217 mallent,
467 3151 693 3228 possessionibus
714 3152 865 3210 cederent:
885 3153 955 3220 aliis,
969 3161 1004 3211 ut
1017 3170 1142 3210 commo·

174 3239 238 3298 dius
260 3247 402 3318 putarent,
417 3241 561 3298 numerari
581 3241 640 3309 sibi,
661 3242 739 3318 quod
761 3243 832 3300 tanti
853 3250 937 3309 esset,
951 3259 1143 3319 quam-suum

173 3347 349 3408 recuperare.
381 3331 428 3387 Ita
444 3330 603 3407 perfectum
614 3338 667 3398 est,
679 3337 713 3388 ut
723 3350 820 3390 omnes
831 3332 980 3390 concordia
990 3331 1144 3390 constituta

173 3419 233 3476 sine
247 3418 362 3496 querela
376 3418 561 3478 discederent
604 3420 730 3478 Ovirum
740 3440 885 3500 magnum,
894 3421 1077 3498 dignumque,
1091 3415 1141 3493 qui
1156 3420 1194 3475 1⁰

172 3508 200 3566 in
214 3527 245 3565 re
259 3508 373 3584 publica
387 3515 483 3566 nostra
496 3517 579 3566 natus
593 3510 687 3568 esset!
711 3511 759 3568 Sic
773 3530 826 3588 par
839 3519 883 3568 est
895 3527 981 3586 agere
995 3526 1061 3565 cum
1074 3505 1141 3563 civi·

173 3597 236 3664 bus,
247 3615 304 3654 non
318 3595 363 3676 (nt
377 3598 420 3655 bis
432 3598 493 3675 jam
506 3598 640 3678 vidimus)
655 3601 767 3658 hastam
781 3601 810 3658 in
823 3600 885 3656 foro
899 3614 1012 3674 ponere,
1022 3601 1052 3653 et
1065 3594 1141 3652 bona

172 3685 276 3746 civium
294 3686 356 3746 voci
375 3688 515 3766 subjicere
537 3689 687 3767 praeconis.
728 3689 771 3745 At
792 3688 839 3745 ille
860 3687 992 3751 Gratata.
1010 3683 1041 3741 id
1061 3682 1140 3762 quod
