2692 4292
558 367 644 422 arnan
657 369 678 410 1.
719 369 786 409 car.
801 369 866 408 xxv.
1059 377 1065 389 ·
1168 355 1206 414 88

158 504 164 508 ’
188 511 290 574 possa;
311 516 342 554 se
355 497 457 574 fugere
471 497 529 556 sine
543 517 595 556 suo
610 497 750 556 dedecore
763 516 820 555 non
841 517 933 576 posse.
973 499 1073 576 Atque
1086 499 1150 560 haec
1166 505 1204 567 lo

188 587 303 662 quidem
325 587 547 645 Laoedaemoniis
570 588 655 666 plage
675 588 840 646 mediocris:
861 589 910 646 illa
929 590 1071 666 pestifera,
1086 609 1153 667 qua,

187 667 254 734 cuin
268 677 478 744 Cleombrotus,
490 677 621 736 invidiam
636 678 746 744 timens,
757 685 865 736 temere
878 697 945 736 cum
957 679 1155 756 Epaminonda

187 767 367 834 conflixisset,
388 767 666 824 Lacedaemoniorum
688 786 757 844 opes
772 776 946 827 corruerunt.
988 770 1102 838 Quanto
1116 769 1151 838 Q,
1168 773 1204 830 11

186 855 328 913 Maximus
343 857 466 914 melius?
484 857 520 918 de
534 876 591 933 quo
605 857 728 914 Ennius:

314 957 395 1015 Unus
409 959 488 1014 borno
500 959 576 1014 nobis
589 958 743 1014 cunctando
755 958 878 1017 restituit
890 977 956 1017 rem.

304 1047 374 1104 Non
382 1049 500 1120 ponebat
513 1049 585 1104 caim
599 1066 722 1104 rumores
734 1056 798 1104 cate
810 1049 936 1106 calaum.

305 1135 385 1210 Erpo
392 1145 509 1214 postque
522 1139 665 1212 mapisque
677 1139 732 1194 oiri
745 1157 819 1194 nane
828 1139 921 1212 pieria
934 1140 1025 1199 caret.

186 1237 273 1305 Quod
293 1257 383 1314 genus
404 1239 541 1315 peccandi
554 1239 700 1296 vitandum
722 1245 766 1296 est
788 1239 873 1296 etiam
886 1238 915 1296 in
928 1241 1013 1298 rebus
1027 1240 1149 1300 urbanis.
1167 1246 1203 1301 12

156 1352 161 1358 ·
186 1327 261 1384 Sunt
280 1327 362 1394 erum,
378 1327 434 1404 qui,
450 1328 528 1404 quod
550 1329 683 1395 sentiunt,
698 1328 751 1385 etsi
773 1329 913 1406 optimum
935 1329 979 1398 sit,
994 1337 1090 1388 tamen
1109 1331 1151 1389 in·

185 1415 268 1474 vidiae
283 1425 362 1474 metu
375 1437 431 1474 non
445 1418 552 1475 audent
565 1418 667 1476 dicere.

225 1572 317 1630 XXV.
334 1572 455 1631 Omnino
466 1573 514 1650 qui
524 1573 564 1630 rei
579 1572 863 1650 publicaepraefuturi
872 1581 939 1631 sunt
952 1573 1011 1631 duo
1023 1575 1152 1633 Platonis

185 1670 333 1740 praecepta
346 1669 481 1720 teneant:
504 1683 600 1730 unum,
617 1671 649 1720 ut
663 1663 815 1721 utilitatem
835 1663 938 1720 civium
952 1663 992 1720 sic
1006 1670 1149 1733 tueantur,

185 1758 227 1817 ut,
242 1771 422 1828 quaecunque
436 1760 535 1830 agunt,
550 1752 587 1810 ad
606 1771 669 1810 eam
690 1753 823 1820 referant,
837 1752 917 1810 obliti
938 1753 1153 1812 commodorum

185 1860 319 1898 suoram:
342 1842 471 1910 alterum,
487 1850 519 1899 ut
539 1849 632 1900 totum
654 1861 758 1920 corpus
779 1843 819 1900 rei
840 1842 962 1919 publioae
982 1850 1090 1912 curent,
1104 1862 1149 1910 ne,

185 1930 255 1988 dum
275 1939 385 2008 partem
406 1932 529 2008 aliquam
548 1939 675 1999 tuentur,
690 1932 811 2008 reliquas
833 1932 973 1990 deserant.
1014 1933 1056 1990 Ut
1076 1933 1183 1994 enim2

185 2021 283 2088 tutela,
300 2021 338 2079 sic
359 2021 521 2098 procuratio
541 2021 580 2078 rei
601 2023 724 2098 publicae
747 2021 784 2079 ad
807 2022 958 2080 utilitatem
980 2041 1087 2090 eorum,
1102 2022 1151 2100 qui

185 2110 325 2168 commissi
338 2119 413 2178 sunt,
429 2131 486 2168 nou
499 2111 536 2168 ad
551 2129 656 2177 eorum,
672 2111 775 2190 quibus
796 2112 946 2169 commissa
959 2120 1011 2180 est,
1025 2112 1152 2190 gerenda

167 2207 236 2257 ·est.
279 2201 335 2269 Qui
357 2209 452 2258 autem
474 2201 548 2278 parti
569 2201 670 2259 civium
693 2202 852 2268 consulunt,
867 2209 977 2278 partem
991 2202 1182 2280 negligunt,3

184 2309 244 2346 rem
259 2290 521 2368 perniciosissimam
532 2291 559 2348 in
570 2291 713 2348 civitatem
727 2291 874 2357 inducunt,
886 2290 1055 2348 seditionem
1064 2299 1151 2368 atque

185 2379 372 2438 discordiam:
394 2399 429 2438 ex
450 2400 507 2458 quo
528 2381 630 2447 evenit,
656 2388 690 2437 ut
713 2381 758 2438 alii
782 2380 943 2457 populares,
965 2379 1012 2436 alii
1031 2381 1150 2439 studiosi

184 2470 283 2546 optimi
302 2470 440 2548 cujusque
455 2469 610 2538 videantur,
625 2469 709 2546 pauci
730 2470 933 2526 universorum.
975 2469 1049 2525 Hinc
1071 2470 1182 2546 apud4

184 2559 373 2618 Athenienses
394 2579 506 2638 magnae
528 2559 692 2619 discordia:
723 2559 751 2614 in
771 2566 867 2614 nostra
895 2575 926 2614 re
954 2558 1069 2634 publica
1093 2579 1150 2617 non

184 2649 275 2706 solum
288 2650 446 2716 seditiones,
460 2649 510 2706 sed
525 2650 610 2707 etiam
625 2648 758 2726 pestifera
772 2648 847 2705 bella
858 2647 963 2704 civilia:
978 2667 1044 2723 quae
1054 2649 1149 2726 gravis

184 2747 214 2796 et
226 2739 306 2796 fortis
320 2740 387 2797 civis
395 2737 431 2797 'et
444 2740 473 2796 iu
486 2759 516 2796 re
532 2739 645 2817 publica
669 2738 772 2816 dignus
787 2738 947 2815 principatu
960 2737 1051 2815 fugiet
1064 2747 1150 2816 atque

183 2828 282 2896 oderit,
306 2829 458 2906 tradetque
479 2849 509 2886 se
530 2837 622 2886 totum
643 2826 684 2885 rei
698 2828 830 2904 publicae‚
845 2847 937 2904 neque
950 2848 1020 2906 opes
1034 2837 1084 2886 aut
1097 2849 1148 2907 po·

183 2919 300 2977 tentiam
315 2920 532 2986 consectabitur,
544 2926 692 2994 totamque
703 2937 767 2974 eam
776 2918 816 2974 sic
827 2918 961 2985 tuebitur,
973 2926 1006 2976 ut
1017 2919 1148 2979 omnibus

183 3009 320 3066 consulat.
362 3009 423 3066 Nec
437 3027 504 3066 vero
525 3007 686 3065 criminibus
706 3008 785 3064 falsis
798 3007 827 3064 in
841 3007 939 3064 odium
951 3015 1002 3065 aut
1014 3009 1148 3066 invidiam
1163 3018 1180 3069 5

184 3117 355 3175 quemquam
369 3098 496 3156 vocabit:
518 3097 689 3174 omninoque
702 3097 742 3154 ita
752 3097 870 3175 justitiae
886 3098 1083 3176 honestatique
1097 3099 1147 3156 ad·

184 3189 331 3256 haercseet,
347 3197 387 3256 ut,
403 3189 472 3246 dum
493 3207 527 3246 ea
548 3196 703 3255 conservet,
719 3187 847 3263 quamvis
867 3187 992 3265 graviter
1011 3189 1146 3258 offendat,

183 3286 360 3356 mortemque
375 3285 493 3356 oppetat
508 3279 610 3355 potius,
626 3296 712 3354 quam
727 3277 842 3334 deserat
854 3277 911 3344 illa,
926 3298 992 3354 quae
1007 3279 1073 3336 dixi.

223 3369 379 3427 Miserrima
392 3367 505 3425 omnino
518 3375 562 3425 est
580 3367 697 3426 ambitio
717 3367 914 3444 honorumque
928 3368 1088 3426 contentio:
1111 3368 1148 3426 de
1162 3373 1180 3428 6

182 3479 239 3536 qua
259 3459 398 3538 praeclare
419 3457 497 3535 apud
522 3457 642 3515 eundem
664 3466 709 3515 est
729 3457 887 3525 Platonem,
908 3458 1034 3514 similiter
1054 3456 1148 3514 facere

182 3567 239 3617 eos,
262 3549 310 3625 qui
335 3548 407 3606 inter
431 3566 461 3604 se
486 3547 697 3614 contenderent,
719 3555 783 3604 uter
803 3547 898 3623 potius
918 3565 978 3604 rem
1002 3544 1146 3621 publicam

182 3639 399 3706 administraret,
414 3645 447 3696 ιιι
461 3637 484 3694 si
497 3647 593 3694 nautae
615 3643 764 3705 certarent,
779 3635 842 3713 quis
856 3653 955 3692 eorum
968 3633 1147 3711 potissimum

181 3729 365 3806 gubernaret.
