2692 4292
442 323 529 364 erese
541 324 585 364 111.
627 323 694 364 our.
709 323 786 363 xxxr.
1074 309 1131 364 uo

109 447 265 508 videbatur
286 451 402 518 utilitas,
431 452 497 528 plus
517 453 613 520 valuit,
635 472 721 530 quam
747 454 898 511 honestes:
926 448 1006 527 apud
1031 469 1079 509 sn-

109 541 239 616 periores
254 541 382 598 utilitatis
397 541 506 618 speeies
525 542 598 599 falsa
617 543 654 600 ab
676 542 831 602 honestatis
850 540 1018 598 auctoritate
1031 560 1079 598 su·

109 637 211 706 perata
226 639 279 688 est.
574 617 577 624 ¹

147 719 193 776 At
216 738 275 776 non
299 719 396 778 debuit
418 726 513 778 ratum
536 720 707 796 essequod
730 727 792 778 erat
813 728 910 777 aetum
937 738 989 795 per
1011 719 1110 778 rimo

110 807 199 875 Quasi
213 825 283 867 vero
302 809 368 866 forti
382 808 440 866 viro
454 809 496 866 vis
520 809 611 886 possit
631 809 767 867 adhiberi.
810 809 870 866 Gur
882 809 969 886 igitur
982 809 1109 867 adse-'1

108 904 210 954 natum
221 897 461 973 proficiscebatur,
472 917 537 955 eum
551 899 712 974 praesertim
723 899 760 956 de
771 898 890 974 captivis
899 897 1078 954 dissuasum

110 993 185 1043 esset
195 987 209 1043 ‘l
235 986 318 1054 Quod
329 986 482 1044 maximum
493 987 521 1043 in
531 1005 565 1044 eo
576 996 627 1053 est,
639 987 669 1044 id
680 987 893 1063 reprehenditis.
928 987 994 1044 Non
1002 988 1078 1046 enirn
1093 994 1111 1044 8

109 1093 161 1132 suo
172 1076 284 1151 judicio
298 1077 384 1143 stetit,
399 1077 450 1136 sed
471 1077 597 1153 suscepit
610 1096 734 1144 oausam,
750 1085 782 1136 ut
795 1084 871 1134 esset
881 1077 1020 1154 judicium
1034 1096 1078 1134 se·

109 1171 213 1222 natus:
237 1165 283 1222 oui
303 1165 355 1222 nisi
377 1166 437 1242 ipse
458 1175 558 1222 auctor
581 1166 690 1233 fuisset,
704 1167 810 1244 captivi
833 1168 963 1243 profecto
982 1168 1079 1226 Ptenis

109 1253 215 1311 redditi
240 1262 351 1312 essent:
372 1255 412 1312 ita
435 1254 582 1312 incolumis
604 1255 633 1312 io
658 1256 750 1332 patria
773 1256 902 1334 Regulus
922 1257 1076 1314 restitisset.

111 1341 195 1408 Quod
211 1343 279 1419 quia
299 1344 397 1420 patriae
418 1363 475 1400 non
495 1343 564 1402 utile
589 1346 709 1421 putavit,
724 1345 829 1402 idoiroo
850 1346 903 1404 sibi
926 1347 1110 1402 honestumt)

112 1438 140 1486 et
154 1433 259 1489 sentire
272 1433 319 1489 illa
333 1441 362 1490 et
376 1433 435 1510 pati
449 1434 575 1490 eredidit.
618 1435 694 1490 Nam
707 1435 785 1510 quod
798 1435 888 1499 aiunt,
904 1435 981 1509 quod
994 1435 1078 1491 valde
1094 1439 1131 1490 10

111 1521 179 1578 utile
201 1523 248 1587 sit,
263 1521 292 1578 id
313 1523 372 1578 fieri
392 1524 558 1580 honestum:
580 1523 666 1579 immo
680 1541 747 1580 vero
761 1541 832 1587 esse,
847 1541 903 1578 non
916 1522 984 1578 fieri,
1026 1523 1080 1578 Est

113 1610 184 1668 euim
205 1611 275 1667 nihil
297 1612 373 1684 utile,
388 1611 466 1688 quod
486 1612 561 1668 idem
584 1630 639 1670 non
659 1613 826 1670 honestum:
847 1629 900 1668 neo
913 1611 980 1685 quis
1000 1610 1078 1676 utile,

112 1698 264 1757 honestum
279 1709 341 1766 est;
364 1700 415 1758 sed
429 1701 496 1776 quia
518 1702 678 1767 honestum,
694 1700 770 1758 utile.
813 1700 907 1768 Quare
926 1717 963 1756 ex
982 1698 1079 1756 multis
1095 1702 1130 1757 11

113 1788 287 1847 mirabilibus
311 1790 455 1866 exemplis,
471 1790 549 1846 haud
567 1790 650 1848 facile
663 1789 729 1866 quis
748 1789 850 1847 dixerit
873 1789 929 1846 hoo
948 1789 1080 1866 exemplo
1156 1827 1162 1836 ·

112 1884 162 1934 aut
174 1879 345 1938 laudabilius
359 1886 409 1936 aut
423 1879 615 1955 praetentius.

151 2057 260 2117 XXXI.
283 2057 341 2116 Sed
355 2077 391 2114 ex
405 2063 466 2114 tota
480 2057 534 2114 hae
548 2057 632 2114 laude
641 2057 746 2134 Reguli
757 2077 845 2115 unum
857 2056 926 2115 illud
937 2056 1079 2116 estadmi-

114 2147 223 2204 ratione
247 2146 374 2223 dignum,
399 2146 477 2224 quod
502 2147 629 2223 captivos
656 2147 817 2205 retinendos
844 2147 961 2206 censuit.
1002 2147 1111 2204 Nam2

115 2236 191 2310 quod
206 2236 297 2302 rediit,
312 2236 392 2295 nobis
414 2255 488 2294 nuno
510 2236 636 2315 mirabile
651 2237 779 2294 videtur:
799 2236 853 2294 illis
873 2236 988 2312 quidem
1008 2243 1079 2292 tem·

115 2325 233 2400 poribus
246 2325 327 2383 aliter
346 2325 440 2382 facere
456 2344 512 2382 non
533 2326 633 2402 potuit.
675 2327 778 2401 Itaque
801 2325 855 2382 ista
875 2325 938 2382 laus
959 2342 1016 2381 non
1036 2332 1081 2382 est

115 2413 256 2482 hominis,¹
272 2414 323 2472 sed
347 2423 517 2492 temporum.
558 2415 677 2472 Nullum
702 2415 777 2472 enim
800 2413 944 2470 vinculum
971 2411 1009 2468 ad
1035 2419 1113 2470 aas

115 2503 297 2583 tringendam
318 2504 403 2562 fidem
427 2504 492 2581 jure
511 2503 635 2581 jurando
656 2504 779 2580 majores
800 2501 890 2558 artius
909 2519 972 2558 esse
985 2501 1081 2558 volue-

116 2601 188 2652 runt.
231 2593 267 2650 Id
289 2593 412 2652 indicant
435 2595 513 2671 leges
536 2593 564 2650 in
584 2593 651 2650 XII.
673 2592 786 2658 tabulis,
807 2590 932 2647 indioont
954 2595 1115 2657 saemtae‚4

116 2680 241 2742 indicant
260 2683 375 2750 foedera,
391 2683 494 2758 quihus
515 2682 599 2740 etiam
620 2700 686 2739 eum
709 2682 792 2738 hoste
812 2679 968 2738 devincitur
991 2678 1081 2746 fides;

118 2770 242 2831 indieant
255 2773 383 2830 notiones
398 2771 708 2847 animadversionesque
723 2788 878 2836 censorum,
893 2768 943 2845 qui
954 2769 1033 2826 nulla
1045 2768 1082 2826 de

118 2879 147 2918 re
161 2862 324 2940 diligentius
338 2879 423 2937 quam
438 2862 474 2918 de
486 2861 684 2937 jurejurando
704 2859 878 2937 judicabant.
919 2859 952 2916 L.
967 2858 1081 2926 Manlio,
1096 2867 1115 2918 5

119 2949 155 3008 Α.
170 2953 214 3018 F„
231 2971 296 3008 eum
310 2951 432 3008 dictator
455 2951 565 3017 luisset,
580 2950 619 3008 M.
641 2948 817 3025 Pomponius
839 2948 967 3006 tribunus
989 2948 1082 3026 plebis

119 3037 194 3098 diem
208 3040 286 3107 dixit,
301 3040 378 3116 quod
393 3040 416 3096 is
431 3057 537 3116 paucos
552 3039 604 3097 sibi
618 3039 678 3096 dies
691 3038 728 3094 ad
742 3038 913 3095 diotaturam
926 3037 1082 3114 gerendam

120 3128 282 3187 addidisset.
324 3129 532 3187 Criminabatur
556 3128 649 3196 etiam,
678 3127 756 3202 quod
782 3128 878 3184 Titum
906 3127 1006 3193 filium,
1034 3125 1115 3202 quib

121 3228 220 3294 postea
234 3226 279 3276 est-
291 3218 450 3294 Torquatus
465 3216 635 3293 appellatus,
650 3216 687 3272 ab
702 3215 862 3274 hominibus
881 3216 1037 3293 relegasset
1050 3221 1080 3271 et

120 3309 177 3365 ruri
191 3308 318 3367 habitare
330 3306 466 3384 jussisset.
499 3303 650 3372 Quodoum
665 3305 818 3362 audivisset
826 3305 990 3363 adolescens
1000 3304 1082 3368 filins,
1098 3298 1115 3359 ἰ

121 3397 267 3475 negotium
280 3395 404 3454 exhiberi
426 3394 517 3472 patri:
538 3393 694 3452 accurrisse
714 3393 836 3451 Romam
854 3400 884 3450 et
903 3411 970 3450 oum
990 3391 1081 3465 prima

121 3483 184 3544 luoe
197 3484 347 3561 Pomponii
360 3483 476 3540 domum
491 3483 598 3540 venisse
613 3481 722 3540 dicitur.
765 3481 819 3538 Oui
841 3499 908 3537 oum
921 3486 997 3535 esset
1010 3495 1081 3533 nun·
1095 3481 1115 3534 8

123 3573 232 3640 hiatum,
248 3572 297 3648 qui
316 3572 396 3630 illum
415 3572 518 3629 iratum
538 3572 690 3628 allaturum
703 3571 740 3627 ad
753 3565 903 3643 saaliquid
917 3571 1015 3622 eontra
1034 3582 1084 3639 pa·

124 3666 196 3722 trem
208 3659 402 3731 arbitraretur,
416 3660 537 3720 surrexit
556 3679 572 3718 e
592 3659 707 3727 leotulo,
721 3656 891 3732 remotisque
912 3651 1031 3720 arbitris,
1046 3649 1085 3710 ed
