2692 4292
191 315 249 370 110
603 327 641 368 nn
656 328 783 368 omens

241 457 365 524 interest,
381 463 478 514 utrum
499 456 535 514 dx
556 455 669 517 homine
689 475 721 513 se
740 463 888 514 convertet
900 455 964 531 quis
980 455 1011 514 in
1027 455 1156 521 beluam,
1171 471 1214 512 en

240 545 359 604 hominis
372 545 463 622 figure
476 545 679 602 immanitatem
692 552 775 623 geret
787 545 903 608 beluae?

279 721 358 780 XXI.
380 721 478 790 Quid?
498 721 547 798 qui
560 722 653 804 omnis
666 729 745 780 recte
762 727 792 778 et
811 721 931 778 honeste
949 720 1108 798 negligunt,
1122 709 1210 777 dum·

240 810 327 868 modo
344 810 563 888 potentiam
579 817 796 885 consequuntur,
807 828 899 868 nonne
911 809 988 868 idern
997 810 1115 874 faciunt,
1126 808 1210 884 quod

241 899 273 964 is,
287 900 335 975 qui
348 900 433 958 etium
447 918 575 958 socerum
593 898 699 956 habere
712 898 802 956 voluit
821 899 994 974 eumenius
1010 898 1072 973 ipse
1084 896 1211 954 audacis

210 993 227 1046 2
242 997 343 1064 potens
356 989 453 1046 esset?
484 987 561 1046 Utile
571 987 597 1044 ei
607 986 755 1044 videbatur
769 985 922 1064 plurimum
936 1005 1020 1063 posse
1030 986 1150 1044 ulterius
1164 985 1208 1041 in·

241 1077 330 1134 ridie:
352 1077 382 1135 id
395 1095 481 1153 quem
494 1076 631 1152 injustum
643 1075 672 1132 iu
687 1074 816 1151 petrium,
827 1083 857 1132 et
869 1093 955 1152 quem
969 1081 1062 1151 turpe,
1073 1081 1105 1130 et
1117 1092 1208 1149 quem

209 1165 338 1222 tinctile
358 1173 442 1230 esset,
456 1183 512 1222 nou
526 1164 647 1222 videbat.
690 1163 758 1240 Ipse
775 1171 873 1220 nutem
891 1181 972 1222 socer
983 1163 1014 1220 in
1025 1181 1077 1220 ore
1089 1179 1208 1238 sempor

242 1253 358 1310 Gmcos
372 1271 469 1310 versus
483 1253 520 1310 de
533 1251 690 1310 Phoenu'n
703 1252 836 1317 habebut,
847 1269 920 1327 quos
929 1252 1022 1310 dicem
1035 1260 1070 1308 ut
1082 1261 1208 1328 potero;

241 1339 381 1398 incondite
395 1340 522 1407 lortssse,
537 1340 587 1398 sed
601 1347 698 1398 tumen
710 1348 803 1398 utres
816 1339 906 1416 possit
918 1339 1054 1418 intelligi:

359 1461 439 1518 Nem
452 1463 478 1518 ri
491 1461 653 1518 molendum
666 1461 771 1534 estjus,
786 1460 921 1532 reptandi
930 1460 1025 1533 pratia

367 1549 537 1607 Violrrndum
550 1559 588 1606 est
601 1567 610 1606 :
630 1551 697 1606 alitis
710 1550 789 1606 redes
796 1551 928 1622 pietatem
941 1550 1022 1606 eolre.

208 1676 227 1728 4
243 1671 377 1748 Capitalis
398 1671 535 1736 Eteocles,
550 1671 595 1728 vel
616 1670 711 1748 potius
729 1669 887 1746 Euripides,
902 1669 952 1747 qui
970 1669 998 1726 id
1012 1689 1111 1736 unum,
1125 1669 1206 1747 quod

241 1760 366 1817 omnium
387 1760 629 1818 sceleratissimum
649 1759 741 1826 luerit,
756 1759 906 1835 exceperit.
947 1757 1023 1827 Quid
1043 1757 1131 1836 igitur
1151 1759 1204 1816 mi·

241 1857 309 1904 nuta
323 1848 487 1924 colligimus,
502 1848 681 1913 hereditates,
695 1855 877 1914 mercaturas,
893 1847 1066 1904 venditiones
1086 1847 1204 1906 fraudu·

209 1945 226 1994 ὃ
241 1936 353 1992 lentas?
393 1936 468 1993 Ecce
482 1937 541 2002 tibi,
552 1937 604 2014 ¹qui
621 1955 670 1994 rex
691 1936 789 2014 populi
807 1936 927 1992 Romani
941 1936 1130 2012 dominusque
1144 1955 1204 1993 om·

209 2030 226 2080 6
241 2023 317 2080 nium
330 2024 456 2101 gentium
477 2043 539 2081 esse
560 2025 739 2102 concupierit,
753 2025 839 2100 idque
859 2025 1015 2102 perfecerit.
1058 2025 1140 2081 Hanc
1155 2045 1203 2082 cu·

242 2111 387 2189 piditetem
400 2112 423 2168 si
433 2113 580 2170 honestam
592 2113 654 2190 quis
665 2132 726 2170 esse
736 2113 811 2179 dicit,
821 2132 918 2170 umens
928 2123 980 2172 est.
1010 2114 1120 2171 Probat
1130 2113 1203 2171 enim

241 2199 336 2278 legum
345 2207 374 2258 et
384 2201 520 2260 libertatis
530 2203 686 2260 interitum:
702 2221 853 2278 earumque
864 2202 1083 2280 oppressionem,
1091 2210 1204 2260 taetrsm

209 2288 226 2348 ’1
242 2296 270 2346 et
285 2289 488 2357 detestabilem,
503 2291 654 2369 gloriosam
670 2298 761 2368 putat.
796 2291 852 2360 Qui
864 2299 961 2348 eutem
974 2291 1088 2357 latetur,
1101 2292 1202 2348 hones·

241 2387 302 2438 tum
316 2399 371 2438 non
385 2399 446 2438 esse
459 2380 487 2436 in
501 2399 534 2437 ee
549 2380 667 2445 civitate,
683 2399 748 2456 quae
762 2378 850 2437 libera
867 2379 928 2446 init,
943 2398 1063 2456 quaeque
1077 2398 1139 2436 esse
1153 2379 1201 2437 de-

242 2469 315 2537 bent,
337 2488 464 2546 regnare,
484 2469 534 2526 sed
555 2469 589 2536 ei,
605 2467 652 2544 qui
672 2467 701 2525 id
725 2467 817 2526 fecere
838 2469 936 2544 possit,
955 2487 1017 2527 esse
1037 2466 1123 2525 utile:
1145 2488 1201 2544 qua

241 2557 316 2616 hunc
340 2557 534 2636 objurgatione
555 2569 605 2614 eut
628 2577 685 2632 quo
710 2557 804 2634 potius
824 2557 948 2615 convicio
969 2577 986 2613 a
1006 2566 1087 2615 tanto
1107 2576 1201 2616 errore

209 2651 326 2704 &coner
344 2647 486 2704 evellere?
527 2647 628 2704 Potest
645 2646 728 2713 enim,
744 2645 782 2702 dii
796 2646 976 2713 immortales,
991 2645 1121 2722 cuiquam
1137 2666 1198 2704 esse

242 2735 309 2792 utile
323 2735 506 2792 foedissimum
521 2743 550 2794 et
564 2735 750 2792 taeterrimum
765 2734 944 2810 parricidium
961 2735 1080 2812 patriae:
1102 2725 1198 2811 quam-

242 2823 282 2879 vis
303 2823 334 2890 is,
355 2824 403 2900 qui
424 2843 508 2882 seeo
532 2823 720 2889 obstrinxerit,
742 2823 779 2880 ab
800 2823 942 2899 oppressis
963 2823 1069 2880 civibus
1094 2823 1199 2881 Parcus

210 2917 227 2969 9
242 2911 420 2968 nominetur?
449 2911 605 2970 Honestate
615 2912 701 2990 igitur
711 2911 857 2988 dirigende
868 2911 974 2970 utilitas
984 2920 1036 2977 est,
1047 2919 1076 2968 et
1087 2912 1199 2988 quidem

242 2999 290 3062 sic,
306 3006 337 3054 ut
358 2999 421 3056 haec
435 2999 501 3066 duo,
517 3001 603 3058 verbo
623 3001 695 3057 inter
713 3019 743 3056 se
758 3000 927 3076 discrepare,
942 3019 973 3057 re
993 3019 1081 3056 unum
1102 3019 1197 3057 sonare

192 3092 228 3144 10
242 3085 396 3143 rideantur.
437 3087 502 3144 Non
512 3087 615 3156 liabeo,
630 3087 667 3144 ed
683 3087 762 3166 vulgi
777 3087 943 3164 opinionem,
958 3106 1023 3164 quae
1043 3088 1133 3164 major
1145 3088 1196 3145 uti-

242 3173 313 3239 litas,
335 3192 420 3248 quam
440 3177 584 3253 regnandi,
605 3195 666 3234 esse
688 3175 794 3253 possit:
815 3176 883 3232 nihil
904 3184 1003 3234 contre
1022 3176 1145 3233 inutilius
1164 3173 1196 3244 ei,

242 3262 289 3339 qui
309 3262 412 3340 injuste
432 3271 599 3320 consecutus
619 3265 664 3330 sit,
687 3264 804 3330 invenio,
820 3284 887 3322 oum
905 3265 942 3321 sd
961 3265 1106 3322 veritatem
1126 3265 1198 3342 coepi

191 3358 225 3411 11
243 3369 374 3410 revocare
387 3349 529 3406 rationem.
571 3351 696 3410 Possunt
709 3353 782 3412 enim
796 3353 929 3429 cuiquam
941 3372 1004 3410 esse
1017 3352 1100 3410 utiles
1114 3371 1195 3430 ango

242 3459 294 3506 res,
313 3437 520 3504 sollicitudines,
536 3438 626 3495 diurni
646 3447 676 3495 et
695 3441 825 3498 nocturni
844 3449 946 3508 metus,
960 3441 1019 3498 vita
1038 3439 1196 3499 insidiarum

242 3527 485 3606 periculorumque
499 3526 681 3605 plenissima?

195 3651 233 3706 12
326 3649 421 3708 Muto
434 3651 525 3722 iniqui
537 3657 620 3722 atque
632 3650 758 3722 infideles
769 3669 861 3722 repro,
870 3653 959 3723 punct
971 3659 1038 3708 unt
1050 3651 1121 3717 teri,
