2692 4292
550 339 636 378 mana
648 337 668 377 1.
710 336 777 378 aar.
792 335 835 376 111.
1182 319 1202 374 9

179 489 236 528 non
257 469 407 526 honestate
421 468 539 526 metitur
550 487 557 535 ;
578 467 623 525 hic
638 467 662 524 si
675 466 728 524 sibi
747 465 810 544 ipse
823 463 981 523 consentiat
994 470 1024 522 et
1036 481 1094 520 non
1107 463 1148 522 in·

179 559 295 616 terdum
319 570 430 618 naturae
456 559 581 616 bonitate
602 557 738 623 vincatur,
762 575 854 632 neque
877 555 1030 612 amicitiam
1057 555 1150 612 colere

181 649 278 726 possit,
295 667 345 705 nec
359 648 507 724 justitiam,
522 667 574 705 nec
589 646 794 704 liberalitatem.
833 645 926 703 Fortis
940 663 1008 701 vero
1021 644 1149 702 dolorem

180 757 324 794 summum
338 739 445 795 malum
466 737 607 815 judicans,
622 742 673 793 ant
696 744 859 812 temperans
873 735 1051 811 voluptatem
1072 754 1148 791 sum-

180 847 260 886 mum
281 829 387 886 bonum
403 834 530 885 statuens
550 845 612 884 esse
627 831 705 883 certe
725 824 803 882 nullo
823 825 910 882 modo
930 831 1033 902 potest.
1075 823 1182 894 Quae'l

181 937 353 994 quamquam
366 917 406 974 ita
420 917 475 974 sint
488 918 517 973 in
530 923 677 993 promptu,
686 921 720 971 ut
734 933 779 972 res
789 914 980 990 disputatione
989 933 1045 971 non
1055 920 1147 994 egeat,

181 1015 278 1064 tamen
286 1014 352 1065 sunt
366 1025 383 1063 a
396 1007 476 1064 nobis
487 1007 541 1064 alio
554 1006 619 1063 loco
632 1005 787 1083 disputata.
822 1003 879 1060 Hae
892 1003 1048 1080 disciplina
1062 1004 1150 1082 igitur
1163 1010 1183 1064 8

183 1097 207 1154 si
221 1096 272 1154 sibi
288 1103 483 1154 consentaneae
498 1097 586 1154 velint
600 1115 669 1162 esse,
685 1095 723 1152 de
737 1094 829 1151 officio
845 1093 914 1150 nihil
928 1103 1034 1170 queant
1048 1094 1149 1152 dicere.

183 1186 286 1264 Neque
305 1187 363 1244 ulla
383 1186 465 1244 officii
484 1193 630 1264 praecepta
651 1186 740 1251 firma,
756 1184 876 1251 stabilia,
891 1183 1045 1261 conjuncta
1066 1190 1149 1240 natu·

182 1296 223 1334 rae
252 1275 326 1336 tradi
346 1283 474 1354 possunt,
496 1275 549 1332 nisi
577 1281 628 1332 aut
656 1276 694 1332 ab
715 1275 756 1342 iis,
778 1274 826 1350 qui
853 1273 953 1341 solam,
975 1280 1026 1331 aut
1046 1274 1083 1332 ab
1106 1272 1150 1342 iis,

183 1365 231 1444 qui
250 1366 372 1424 maxime
387 1366 565 1423 honestatem
580 1371 698 1442 propter
711 1383 742 1422 se
755 1364 851 1422 dicant
864 1363 1062 1441 expetendam.
1103 1364 1183 1422 Irae

183 1455 297 1534 propria
318 1462 361 1513 est
381 1474 415 1514 ee
436 1454 590 1532 praeceptio
611 1453 780 1522 Stoicorum,
800 1453 1049 1520 Academicorum,
1070 1453 1149 1512 Peri-

183 1545 387 1624 pateticorum:
410 1545 541 1622 quoniam
560 1543 710 1610 Aristonis,
726 1543 890 1620 Pyrrhonis,
902 1543 1001 1600 Herilli
1019 1543 1080 1620 jam
1094 1543 1150 1622 pri·

184 1635 249 1692 dem
270 1635 390 1712 explosa
406 1634 544 1692 sententia
565 1641 622 1691 est:
655 1633 705 1709 qui
723 1640 820 1690 umen
839 1633 978 1690 haberent
998 1632 1048 1709 jus
1067 1651 1152 1690 suum

184 1724 348 1802 disputandi
368 1725 407 1783 de·
429 1724 528 1792 officio,
550 1724 573 1781 si
593 1741 689 1780 rerum
712 1722 836 1799 aliquem
861 1721 1005 1779 delectum
1026 1721 1151 1798 reliquis·

184 1822 254 1882 sent,
283 1822 317 1874 ut
344 1815 382 1873 ad
410 1813 493 1872 officii
520 1813 709 1872 inventionem
737 1812 833 1870 aditus
861 1818 944 1870 esset.
999 1811 1151 1888 Sequimur
1166 1818 1204 1872 10

183 1905 278 1984 igitur,
299 1906 354 1963 hoc
375 1905 490 1982 quidem
514 1911 643 1981 tempore
674 1910 704 1960 et
728 1903 782 1960 hac
806 1902 835 1959 in
854 1902 1019 1978 quaestione,
1040 1901 1150 1979 potissi·

183 2015 262 2052 mum
276 1994 395 2062 Stoicos,
409 2013 466 2052 non
479 2001 513 2052 ut
526 1994 710 2070 interpretes;
728 1992 789 2059 sed,
804 1999 838 2050 ιιι
850 1992 1011 2060 solemus,e
1025 1992 1151 2051 sontibus

184 2104 282 2143 eorum
307 2084 415 2162 judicio
435 2083 606 2160 arbitrioque
630 2089 737 2150 nostro,
758 2088 897 2161 quantum
923 2101 1038 2160 quoque
1063 2081 1151 2142 modo
1235 2117 1240 2123 ·

184 2175 334 2242 videbitur,
349 2174 519 2232 hauriemus.

224 2266 324 2322 Placet
337 2265 429 2343 igitur,
445 2263 579 2340 quoniam
600 2262 690 2321 omnis
710 2261 867 2340 disputatio
887 2261 924 2319 de
944 2261 1036 2320 officio
1049 2259 1148 2318 lutura
1162 2265 1198 2320 11

184 2359 238 2422 est,
253 2362 319 2413 ante
339 2353 531 2420 definire,
553 2352 621 2430 quid
642 2352 678 2410 sit
698 2352 896 2410 officium:
918 2350 1028 2428 quoda
1046 2351 1151 2408 Panae-

184 2445 226 2503 tio
247 2445 467 2522 praetermissum
488 2463 551 2501 esse
570 2442 664 2500 miror.
708 2442 806 2500 Omnis
827 2442 910 2508 enim,
925 2459 990 2517 quse
1009 2459 1027 2496 a
1039 2440 1148 2498 ratione
1163 2445 1200 2500 la

185 2533 336 2611 suscipitur
355 2534 392 2591 de
412 2533 506 2610 aliqua
525 2552 557 2591 re
576 2530 724 2597 institutio,
739 2531 827 2590 debet
847 2549 865 2586 a
885 2529 1045 2588 definitione
1066 2531 1151 2608 profi·

185 2623 260 2691 eisei,
275 2630 308 2680 ut
322 2623 505 2702 intelligatur,
521 2623 590 2702 quid
604 2622 641 2680 sit
654 2620 693 2689 id,
708 2621 816 2700 dequo
831 2620 1000 2698 disputetur.

225 2803 281 2860 III.
304 2802 402 2860 Omnis
417 2802 453 2860 de
468 2803 558 2861 officio
579 2803 687 2880 duplex
707 2809 751 2860 est
771 2801 902 2879 queastio.
943 2801 1041 2860 Unum
1061 2821 1153 2880 genus

185 2899 238 2960 est,
253 2892 331 2968 quod
351 2893 474 2971 pertinet
493 2893 529 2950 ad
550 2892 634 2950 finem
655 2893 811 2950 bonorum:
833 2893 962 2958 alterum,
977 2891 1055 2968 quod
1075 2892 1150 2970 posi·

185 2987 248 3038 tum
262 2988 305 3039 est
319 2981 347 3039 in
361 2981 521 3059 praeceptis,
537 2983 639 3058 quibus
652 2982 681 3040 in
695 3001 794 3040 omnes
807 2990 903 3059 partes
917 3001 986 3039 usus
1005 2982 1070 3039 vitae
1084 3003 1149 3040 con-

185 3069 300 3128 formari
310 3072 407 3148 possit.
442 3071 600 3148 Superioris
610 3072 721 3150 generis
735 3071 910 3149 hujusmodi
922 3072 1053 3150 exempla
1067 3081 1150 3140 sunt;
1165 3077 1183 3130 2

185 3161 314 3218 omniane
334 3161 426 3220 officia
445 3162 572 3239 perfecta
592 3162 664 3230 sint;
692 3162 831 3238 numquid
851 3161 976 3219 officium
998 3161 1074 3220 aliud
1095 3163 1151 3220 alio

184 3251 278 3328 majus
298 3251 342 3318 sit,
364 3257 394 3308 et
414 3270 479 3327 quae
500 3259 566 3308 sunt
592 3251 703 3330 generis
723 3251 861 3330 ejusdem.
904 3253 1033 3320 Quorum
1053 3257 1182 3310 autemtt

185 3341 339 3398 officiorum
360 3349 508 3417 praecepta
528 3341 688 3408 traduntur,
702 3360 737 3399 ea
756 3360 930 3418 quamquam
951 3341 1092 3420 pertinent
1111 3340 1150 3398 ad

184 3431 268 3490 finem
289 3431 437 3497 bonorum,
452 3438 549 3489 tamen
562 3431 653 3488 minus
673 3430 703 3488 id
717 3438 845 3509 apparet,
860 3432 927 3508 quia
945 3431 1038 3510 magis
1051 3430 1090 3487 ad
1108 3429 1150 3486 in·

183 3519 358 3578 stitutionem
373 3520 439 3578 vitae
455 3521 611 3578 communis
632 3529 761 3598 spectare
776 3521 921 3579 videntur:
943 3520 1093 3597 dequibus
1106 3525 1151 3578 est

183 3609 265 3670 nobis
279 3609 323 3667 his
336 3609 414 3668 libris
428 3609 635 3687 explicandum.
1205 3647 1287 3667 ......Α

204 3765 207 3772 ,
223 3699 324 3778 Atque
352 3700 437 3758 etiam
465 3699 520 3758 alia
546 3700 644 3758 divisio
672 3707 717 3759 est
744 3699 835 3758 officii.
876 3699 953 3757 Nam
973 3704 1004 3757 et
1023 3699 1182 3760 mdiumt
