2692 4292
253 298 309 354 tlt
666 313 706 352 nu
720 312 846 352 ormons

300 439 450 518 exposuit:
472 440 640 498 sententiam
658 459 695 499 ne
712 440 827 507 diceret,
842 438 1001 506 recusavit;
1022 457 1113 515 qnam
1134 437 1189 496 diu
1208 436 1281 514 jure

268 530 421 608 tjurando
435 530 559 587 hostium
577 536 728 597 teneretur,
742 550 799 588 non
819 549 881 588 esse
902 549 933 587 se
953 536 1124 586 senatorem.
1169 530 1280 603 Atque

300 620 370 678 illud
384 619 469 676 etiem
485 617 514 697 (ο
529 620 647 677 stultum
662 619 812 687 hominem,
827 619 929 677 dixerit
942 619 1093 695 quispiam,
1109 625 1142 674 et
1162 636 1278 694 repug-

299 718 414 768 nantem
422 710 535 766 utilitati
545 729 605 767 suae
618 709 636 788 i)
658 710 740 766 reddi
749 710 885 786 captivos,
896 709 1011 786 negavit
1021 727 1085 766 esse
1095 708 1186 766 utile:
1208 707 1277 764 illos

300 800 374 858 enim
395 799 590 856 adolescentes
611 817 673 856 esse
693 806 723 856 et
742 800 832 856 bonos
854 799 952 864 duces,
966 817 998 856 se
1016 799 1080 874 jam
1102 799 1277 854 confectum

268 893 454 948 isenectute.
497 888 588 964 Cujus
609 907 675 944 cum
695 889 830 946 valuisset
850 888 1012 953 auctoritas,
1034 887 1145 964 captivi
1165 886 1276 944 retenti

300 986 374 1045 sunt,
396 979 457 1054 ipse
481 977 689 1054 Karthaginem
711 977 815 1035 rediit:
835 995 927 1052 neque
947 995 1014 1033 eum
1036 977 1144 1034 caritas
1167 976 1276 1052 pstriae

268 1077 285 1128 5
299 1067 422 1132 retinuit,
437 1085 488 1124 nec
502 1085 625 1124 suorum.
668 1066 771 1142 Neque
781 1085 848 1123 vero
859 1074 920 1123 tum
931 1066 1091 1143 ignorabat,
1107 1084 1140 1123 se
1153 1065 1193 1122 ad
1205 1084 1274 1121 oru-

300 1155 473 1214 delissimum
487 1155 600 1212 hostem
613 1162 642 1212 et
662 1155 700 1212 ud
714 1156 853 1232 exquisita
872 1156 1012 1232 supplicia
1031 1155 1195 1232 proficisci:
1216 1154 1275 1212 sed

268 1245 345 1323 tijus
357 1244 510 1322 jurandum
525 1245 751 1302 conservandum
770 1246 899 1321 putebat.
941 1245 1043 1321 Itaque
1056 1251 1132 1311 tum,
1148 1264 1217 1301 cnm
1231 1245 1274 1300 vi·

299 1333 414 1412 gilando
427 1333 590 1400 necabatur,
605 1348 667 1391 erst
677 1335 706 1391 in
719 1334 833 1391 meliore
844 1353 938 1400 cause,
950 1353 1037 1411 quam
1049 1335 1074 1390 si
1088 1333 1172 1391 domi
1186 1353 1274 1391 senex

268 1423 285 1483 ’1
300 1424 437 1500 captivus,
452 1423 584 1500 perjurus
598 1423 751 1480 consularis
763 1423 951 1482 remansisset.
986 1424 1029 1479 At
1039 1422 1140 1490 stulte,
1151 1424 1205 1499 qui
1216 1442 1273 1480 nou

300 1513 387 1571 modo
401 1530 456 1570 non
470 1513 610 1570 censuerit
622 1512 751 1590 captivos
770 1513 966 1580 remittendos,
980 1531 1080 1570 rernm
1102 1513 1196 1570 etiam
1216 1513 1271 1569 dis-

268 1603 426 1663 ssuusefit.
469 1601 619 1671 Quomodo
639 1603 753 1660 stulte‘i
772 1602 895 1659 edamus
915 1602 940 1658 si
959 1602 1000 1658 rei
1021 1601 1147 1677 publicae
1164 1603 1272 1660 condu-

301 1693 406 1750 cebat?
426 1691 527 1748 Potest
535 1699 639 1757 autem,
648 1691 729 1767 quod
738 1691 836 1748 inutile
849 1690 1020 1768 reipublioae
1033 1690 1078 1757 sit,
1089 1690 1122 1747 id
1136 1691 1271 1768 cuiquam

301 1781 354 1840 civi
366 1781 435 1838 utile
449 1781 536 1838 esse?
577 1781 718 1838 XXVIII.
740 1781 911 1838 Pervertunt
924 1780 1053 1837 homines
1063 1798 1109 1846 ea,
1123 1799 1193 1856 quae
1205 1788 1271 1838 sunt

300 1871 484 1928 fundamenta
501 1876 621 1938 naturus,
636 1889 703 1928 eum
714 1869 867 1928 utilitatem
880 1869 919 1928 sb
931 1869 1081 1926 honestate
1102 1871 1269 1948 sejungunt

302 1960 408 2018 Omnes
429 1959 504 2016 enim
517 1959 677 2036 expetimus
697 1959 858 2028 utilitatem,
871 1957 910 2015 ud
924 1977 1043 2034 eamque
1063 1959 1206 2036 rapimur,
1221 1977 1268 2016 nec

270 2049 395 2108 2facere
409 2048 490 2106 aliter
503 2048 562 2106 ullo
576 2049 662 2107 modo
677 2067 837 2124 possumus.
879 2047 1034 2123 Numquis
1054 2054 1108 2114 est,
1125 2048 1178 2124 qui
1192 2048 1270 2105 utilia

302 2136 418 2214 lugiet?
439 2145 489 2194 aut
503 2138 567 2214 quis
581 2137 685 2215 potius,
701 2137 751 2214 qui
769 2155 803 2194 ea
816 2155 873 2194 non
893 2136 1098 2194 studiosissime
1113 2155 1270 2214 persequa-

270 2225 374 2284 atur?
415 2225 474 2284 Sed
489 2227 554 2303 quic
574 2245 715 2302 nusquam
734 2245 896 2302 possumus,
917 2225 971 2282 nisi
991 2226 1021 2282 in
1041 2225 1138 2292 leude,
1154 2226 1270 2292 decore,

302 2315 451 2372 honestate
467 2314 547 2372 utilia
560 2314 692 2392 reperire,
708 2322 862 2392 propterea
875 2315 923 2371 illa
937 2314 1028 2391 prima
1047 2321 1077 2371 et
1090 2334 1210 2372 summa
1223 2316 1272 2372 hs·

302 2405 423 2472 bemus;
443 2404 571 2462 utilitatis
591 2422 694 2462 nomen
713 2423 771 2460 non
789 2413 850 2461 tum
870 2402 1051 2480 splendidum
1064 2423 1155 2480 quam
1174 2424 1272 2462 neces·

304 2494 410 2552 sarium
424 2493 563 2551 ducimus.

270 2588 290 2640 4
344 2583 419 2652 Quid
442 2590 486 2640 est
509 2583 604 2660 igitur,
619 2581 814 2658 dixerit'quis,
836 2581 865 2638 in
884 2581 964 2658 jure
989 2581 1169 2658 jurando?
1194 2583 1274 2640 Num

303 2671 406 2729 iratum
415 2672 547 2730 timemus
555 2673 677 2730 Jovem‘?
698 2671 741 2728 At
749 2672 805 2728 hoo
813 2670 929 2748 quidem
937 2689 1084 2728 commune
1093 2678 1139 2728 est
1146 2673 1276 2730 omnium

304 2760 546 2838 philosophorum,
569 2779 625 2818 non
648 2779 747 2818 eorum
770 2759 865 2826 modo,
890 2759 939 2835 qui
963 2759 1050 2817 deum
1071 2760 1142 2816 nihil
1165 2761 1275 2818 habore

304 2849 398 2926 ipsum
418 2837 643 2928 negotii'dicunt,
658 2850 726 2908 nihil
740 2849 874 2906 exhibere
887 2849 976 2915 alteri,
992 2848 1043 2906 sed
1063 2867 1163 2906 eorum
1177 2850 1273 2916 etiam,

304 2938 354 3012 qui
374 2938 460 2995 deum
481 2958 594 3016 semper
618 2957 704 3017 agere
724 2939 830 3015 aliquid
850 2944 880 2995 et
900 2938 992 2995 moliri
1005 2938 1112 3004 volunt,
1126 2957 1272 3015 nunquam

273 3033 290 3084 5
305 3043 357 3082 nec
367 3026 447 3083 irasci
458 3026 553 3094 deum,
565 3047 616 3085 nec
627 3047 738 3086 nocere.
770 3026 846 3095 Quid
856 3034 953 3084 sutem
963 3028 1051 3084 iratus
1061 3028 1081 3086 J
1082 3028 1200 3104 nppiter
1210 3029 1274 3105 plus

305 3131 407 3171 nocere
418 3115 565 3191 potuisset,
575 3136 660 3194 quam
670 3117 767 3176 nocuit
777 3116 831 3175 sibi
839 3115 900 3192 ipsc
912 3115 1065 3194 Regulus?
1088 3116 1178 3174 Nulla
1188 3117 1272 3194 igitur

274 3202 348 3262 svis
368 3202 421 3260 luit
444 3206 672 3284 religionisque
692 3213 804 3263 tantam
827 3204 979 3262 utilitatem
1000 3212 1184 3281 perverteret
1226 3206 1273 3263 An

306 3309 342 3348 ne
356 3293 476 3369 turpiter
489 3295 618 3353 faceret?
653 3295 791 3361 Primum,
800 3294 915 3351 minima
925 3293 962 3350 de
971 3294 1061 3351 malis.
1096 3294 1178 3351 Num
1187 3295 1274 3372 igitur

308 3389 418 3440 tantum
432 3384 499 3441 mali
513 3385 660 3461 turpitudo
674 3385 728 3441 iste
741 3385 876 3452 habebnt,
890 3391 1029 3459 quantum
1042 3383 1089 3442 ille
1103 3385 1272 3445 cruciatus?

276 3470 294 3532 i
310 3469 420 3531 Deinde
434 3473 504 3532 illud
518 3474 603 3532 etiam
617 3473 696 3550 apud
710 3474 833 3540 Attium,

734 3560 885 3636 Frepiatin’
894 3560 1008 3637 fidene?

412 3651 513 3728 Neque
525 3649 597 3720 dedi,
610 3669 698 3725 neque
709 3649 747 3708 dc
758 3652 869 3727 infideli
885 3653 1028 3727 ccipwm,
