2692 4292
495 372 579 410 mann
592 371 635 412 111.
677 372 743 411 oxa.
759 371 822 410 vm.
1129 354 1169 410 et

147 498 278 556 tudinem
298 499 485 577 fugiendum
506 501 574 576 quid
595 501 639 568 sit,
654 501 731 578 quod
751 500 855 557 idcirco
874 497 1042 576 fugiendum
1060 515 1118 556 non

147 587 194 655 sit,
203 589 282 665 quod
296 589 409 646 omnino
420 598 503 666 turpe
517 609 572 646 non
586 598 637 648 est.
669 591 728 647 Sed
739 590 871 666 quoniam
882 588 960 666 operi
973 587 1114 653 inchoato,
1130 593 1148 645 3

147 697 238 754 prope
247 685 342 735 tamen
350 679 490 745 absoluto,
499 685 644 754 tamquam
653 680 798 756 fastigium
808 677 993 754 imponimus:
1006 684 1115 753 utgeo-

146 773 248 822 metrae
268 767 359 823 solent
379 786 436 824 non
457 768 549 824 omnia
569 769 681 835 docere,
696 769 747 825 sed
768 769 921 845 postulare,
935 775 969 823 ut
981 766 1116 842 quaedam

147 855 200 912 sibi
214 856 413 922 concedantur,
425 875 482 932 quo
496 857 612 924 facilius
627 876 693 933 quae
706 857 815 924 volunt,
830 858 985 932 explicent:
1000 856 1040 913 sic
1056 875 1114 933 ego

146 963 165 1000 a
178 951 208 1001 te
223 945 344 1020 postulo,
354 945 393 1002 mi
408 945 515 1012 dicem,
527 953 560 1002 ut
573 946 642 1003 mihi
656 946 804 1012 concedas,
815 946 840 1002 si
852 954 944 1021 potes,
955 947 1031 1013 nihil,
1041 965 1113 1022 prae-

146 1039 193 1090 ter
205 1033 244 1101 id,
259 1034 335 1110 quod
349 1035 502 1092 honestum
517 1035 561 1101 sit,
577 1041 695 1112 propter
708 1053 739 1090 se
752 1053 815 1090 esse
828 1034 1028 1110 expetendum.
1064 1034 1115 1092 sin
1128 1039 1159 1108 4,

145 1121 203 1180 hoc
225 1143 282 1180 non
303 1124 369 1180 licet
389 1143 441 1200 per
455 1123 634 1201 Cratippum,
649 1132 680 1180 at
692 1123 763 1182 illud
777 1130 854 1180 certe
868 1123 957 1190 dabis,
972 1123 1050 1200 quod
1064 1124 1114 1180 ho·

145 1221 261 1269 nestum
282 1212 326 1278 sit,
341 1213 370 1269 id
385 1231 447 1270 esse
466 1213 589 1270 maxime
611 1220 728 1289 propter
749 1231 780 1269 se
801 1212 1002 1289 expetendum.
1044 1211 1115 1269 Mihi

144 1302 287 1359 utrumvis
301 1302 368 1358 satis
382 1308 441 1358 est:
456 1308 485 1358 et
499 1309 560 1358 tum
574 1303 637 1368 hoc,
646 1309 709 1358 tum
721 1301 791 1358 illud
806 1302 978 1377 probabilius
991 1300 1113 1368 videtur,

145 1408 200 1447 nec
222 1398 358 1467 praeterea
380 1391 530 1467 quicquam
551 1392 706 1468 probabile.
747 1391 793 1448 Ac
808 1391 934 1467 primum
947 1391 976 1447 in
990 1391 1044 1448 hoc
1057 1391 1146 1448 Pas

145 1479 247 1536 nntius
270 1479 464 1537 defendendus
486 1488 538 1547 est,
553 1479 631 1556 qnod
650 1499 707 1536 non
726 1480 805 1536 utilia
826 1499 891 1536 cum
914 1479 1038 1536 honestis
1060 1499 1113 1555 pu-

145 1587 236 1645 gnare
249 1569 399 1644 ahquando
414 1587 497 1646 posse
512 1569 612 1626 dixerit
624 1567 729 1647 (neque
739 1569 813 1625 enim
823 1569 849 1624 ei
861 1569 905 1624 fus
919 1566 993 1644 erat)
1004 1567 1055 1624 sed
1069 1585 1112 1633 ea,

146 1677 213 1733 quae
228 1658 389 1714 viderentur
402 1659 488 1715 utilia.
530 1658 608 1714 Nihil
622 1677 691 1715 vero
705 1657 783 1723 utile,
797 1657 875 1733 quod
895 1675 952 1714 non
971 1656 1047 1713 idem
1061 1656 1146 1714 hod

145 1753 277 1804 nestum:
298 1747 367 1803 nihil
388 1747 546 1814 honestum,
561 1748 639 1823 quod
659 1765 716 1803 non
735 1746 811 1803 idem
830 1746 900 1802 utile
920 1745 965 1812 sit,
980 1763 1058 1822 saepe
1071 1752 1111 1802 te-

145 1841 256 1893 statur:
278 1843 421 1913 negatque
434 1835 523 1892 ullam
537 1844 647 1913 pestem
666 1836 804 1912 majorem
817 1835 845 1891 in
859 1836 946 1892 vitam
966 1835 1113 1892 homiuum

144 1923 287 1988 invasisse,
303 1943 389 2000 quam
403 1943 501 1981 eorum
515 1925 684 2002 opinionem,
695 1925 744 2000 qui
756 1925 810 1980 ista
823 1924 1011 1982 distraxerint.
1053 1924 1111 1980 Ita·
1127 1922 1144 1982 'l

145 2031 203 2090 que
223 2032 279 2070 non
298 2020 331 2070 ut
352 2014 503 2090 aliquando
517 2021 754 2091 anteponeremus
768 2014 848 2070 utilia
867 2013 999 2081 honestis,
1013 2012 1065 2070 sed
1079 2020 1112 2070 ut

145 2120 183 2158 ea
204 2102 261 2158 sine
284 2120 378 2158 errore
400 2102 628 2179 dijudicaremus,
643 2103 795 2178 siquando
814 2103 986 2170 incidissent,
1000 2103 1113 2160 induxit

145 2207 219 2257 eam,
228 2209 293 2267 quae
301 2191 445 2248 videretur
454 2209 526 2257 esse,
536 2210 593 2248 non
601 2211 666 2266 quac
676 2198 760 2256 esset,
769 2192 995 2269 repugnantiam.
1028 2193 1144 2250 Hanctt

145 2279 233 2357 igitur
246 2287 356 2357 partem
369 2281 499 2338 relictam
513 2280 699 2357 explebimus,
710 2280 794 2336 nullis
808 2280 993 2346 adminiculis,
1004 2280 1064 2347 sed,
1078 2287 1113 2338 ut

146 2369 258 2436 dicitrn,
279 2370 372 2426 Marte
391 2376 497 2427 nostro.
539 2369 641 2445 Neque
664 2369 739 2426 enim
760 2369 911 2445 quicquam
933 2375 978 2425 est
999 2369 1036 2425 de
1056 2368 1144 2427 hact

146 2465 229 2535 parte
243 2465 308 2535 post
315 2459 478 2517 Panaetium
489 2459 671 2535 explicatum,
682 2457 759 2534 quod
767 2458 883 2534 quidem
896 2457 965 2514 mihi
977 2457 1111 2533 probare·

146 2553 204 2614 tur,
219 2547 255 2604 de
267 2547 309 2614 iis,
325 2567 390 2624 quae
405 2548 433 2605 in
447 2566 548 2606 manus
561 2565 639 2604 meas
653 2546 789 2604 venerint.

186 2725 272 2782 VIII.
288 2725 362 2782 (lum
375 2724 461 2802 igitur
474 2725 569 2802 aliqua
583 2724 693 2800 species
705 2722 834 2780 utilitatis
845 2722 959 2800 objecta
970 2728 1023 2789 est,
1034 2741 1111 2780 com·

147 2813 253 2870 moveri
266 2829 380 2870 necesse
394 2820 454 2871 est:
475 2815 526 2872 scd
541 2813 572 2880 si,
588 2832 654 2870 cum
668 2811 795 2870 animum
808 2811 970 2878 attenderis,
985 2812 1110 2888 turpitu-

148 2902 242 2959 dinem
255 2902 352 2959 videas
365 2903 529 2979 adjunctam
544 2903 570 2960 ei
582 2902 631 2968 rei,
646 2919 713 2977 quae
726 2901 850 2978 speciem
867 2901 995 2958 utilitatis
1008 2901 1110 2958 attule-

146 2991 192 3058 rit,
207 2998 268 3047 tum
281 3009 337 3047 non
356 2991 462 3048 utilitas
481 2991 665 3067 relinquenda
684 2997 738 3056 est,
753 2990 804 3047 sed
823 2989 1046 3067 intelligendum,
1060 2988 1110 3048 ubi

148 3079 294 3156 turpitudo
307 3079 351 3147 sit,
365 3079 403 3137 ibi
417 3080 567 3138 utilitatem
580 3098 713 3138 essenon
727 3097 826 3156 posse..
856 3079 964 3148 Quodsi
981 3079 1051 3136 nihil
1064 3087 1110 3137 est
1124 3081 1142 3138 2

147 3175 207 3226 tam
221 3175 317 3226 contra
336 3177 476 3235 naturam,
491 3187 578 3246 quam
599 3169 749 3246 turpitudo
762 3168 855 3246 (recta
876 3168 951 3247 enim
965 3176 994 3225 et
1007 3187 1109 3226 conve·

147 3258 251 3315 nientia
264 3265 294 3314 et
307 3257 465 3318 constantia
477 3265 578 3314 nauus
591 3257 742 3325 desiderat,
757 3265 983 3335 aspernaturque
998 3266 1110 3316 contra·

146 3344 201 3424 ria)
214 3346 340 3422 nihilque
352 3353 412 3403 tam
426 3346 584 3404 secundum
597 3353 738 3414 naturam,
752 3366 839 3424 quam
852 3333 976 3414 utilitas;
991 3354 1068 3404 certe
1081 3346 1111 3403 in

147 3435 248 3494 eadem
261 3454 292 3492 re
305 3435 411 3492 utilitas
425 3441 456 3491 et
468 3435 617 3512 turpitudo
637 3453 700 3492 esse
718 3454 775 3492 non
795 3443 898 3511 potest.
940 3437 1071 3508 Itemque
1085 3433 1109 3488 si
1123 3438 1141 3490 3

146 3525 185 3582 ad
199 3525 376 3582 honestatem
389 3523 449 3582 nati
468 3541 575 3590 sumus,
590 3541 679 3600 eaque
693 3531 744 3580 aut
756 3524 816 3580 sola
836 3521 996 3599 expetenda
1010 3527 1062 3587 est,
1077 3526 1111 3576 ut

146 3613 251 3671 Zenoni
264 3613 355 3670 visum
369 3620 421 3679 est,
436 3619 487 3670 aut
507 3619 583 3668 certe
603 3612 679 3668 omui
700 3613 824 3688 pondere
845 3609 958 3686 gravior
978 3606 1111 3664 habenda

147 3721 234 3781 quam
244 3701 351 3779 reliqua
359 3701 460 3770 omnia,
470 3700 549 3777 quod
560 3699 708 3758 Aristoteli
722 3701 816 3777 placet
823 3717 830 3764 ;
844 3714 959 3754 necesse
968 3695 1109 3771 estquod
