2692 4292
186 297 225 354 66
601 311 640 352 aa
661 311 790 364 omens

188 443 224 499 16
240 439 313 510 Qua
323 438 346 496 si
357 439 464 516 populo
474 439 603 498 Romano
616 439 721 518 injuste
733 440 885 519 imperanti
898 440 1026 501 assidere
1040 449 1207 522 potuerunt,

239 528 308 604 quid
322 529 428 586 debent
442 539 545 606 putare
560 530 686 608 singuli?

188 617 224 676 17
279 617 363 687 Quod
387 637 453 676 eum
478 619 658 694 perspicuum
682 618 727 686 sit,
749 618 945 678 benivolentiae
972 620 1030 678 vim
1057 640 1121 680 esse
1147 641 1207 680 ma·

238 725 335 784 gnam,
351 717 442 764 metus
456 707 644 765 imbecillam:
665 708 792 784 sequitur
805 715 839 766 ut
852 709 1031 776 disseramus,
1045 711 1150 785 quibus
1163 731 1206 768 re-

239 796 293 854 bus
316 796 447 854 facillime
472 796 611 873 possimus
635 815 708 864 eam,
729 815 817 874 quam
839 798 980 866 volumus,
1001 799 1121 875 adipisci
1141 820 1207 858 eum

238 873 345 942 honore
358 893 388 942 et
401 885 457 944 fide
471 885 625 944 caritatem.
654 887 713 944 Sed
727 905 762 944 ea
774 906 832 945 non
845 886 951 963 pariter
964 907 1064 946 omnes
1076 907 1206 966 egemus.

186 979 224 1032 1s
239 975 314 1032 Nam
336 975 373 1034 ad
395 976 533 1053 cujusque
547 976 634 1034 vitam
654 975 813 1033 institutam
832 976 1109 1042 accommodandum
1122 986 1173 1044 est,
1188 996 1207 1034 a

187 1069 224 1124 la
238 1065 370 1122 multisne
383 1084 456 1141 opus
469 1065 514 1132 sit,
529 1083 565 1120 an
579 1065 646 1122 satis
660 1065 698 1122 sit
710 1083 729 1122 a
742 1065 839 1142 paucis
858 1065 945 1142 diligi
988 1065 1108 1123 Certum
1122 1067 1207 1145 igitur

237 1155 292 1212 hoe
306 1155 350 1220 sit,
365 1154 451 1229 idque
465 1161 495 1210 et
515 1153 637 1231 primum
657 1161 688 1212 et
706 1154 828 1212 maxime
849 1154 1051 1222 necessarium,
1065 1154 1205 1213 familiari·

238 1250 312 1302 tates
326 1243 430 1300 hebere
445 1242 517 1300 fidas
536 1242 692 1300 amantium
704 1261 756 1300 nos
770 1243 925 1300 aminarum
939 1250 969 1300 et
983 1252 1084 1301 nostra
1102 1243 1206 1302 miran-

186 1337 224 1390 20
238 1333 317 1390 tium.
359 1332 433 1390 Haeo
447 1331 520 1388 enim
534 1339 579 1388 est
599 1351 656 1388 una
676 1351 721 1390 res
742 1351 858 1409 prorsus
872 1339 974 1389 utnon
988 1333 1112 1390 multum
1127 1333 1205 1390 dille

237 1429 282 1478 rat
295 1421 368 1478 inter
381 1439 506 1478 summos
520 1428 549 1478 et
563 1421 721 1480 medioeres
732 1421 822 1488 virns;
836 1440 927 1497 eaque
940 1422 1069 1497 utrisque
1083 1429 1129 1480 est
1142 1441 1205 1499 pro·

185 1509 392 1588 21pemodum
416 1510 615 1586 temperanda.
657 1510 772 1568 Honore
796 1518 827 1568 et
849 1509 940 1588 gloria
963 1518 994 1568 et
1017 1511 1207 1570 benivolentia

237 1601 339 1658 civium
352 1600 471 1658 fortasse
485 1619 541 1658 noa
555 1617 635 1675 aeque
649 1618 747 1656 omnes
760 1606 854 1677 egent,
865 1598 916 1656 sed
930 1606 1027 1657 tamen
1040 1600 1064 1658 si
1078 1600 1126 1659 eui
1139 1601 1204 1658 haee

237 1697 403 1768 suppetunt,
418 1689 556 1766 adjuvant
569 1689 744 1764 aliquantum
764 1697 827 1747 tum
838 1688 877 1746 ad
891 1696 995 1756 astera,
1009 1696 1073 1747 tum
1086 1689 1125 1746 ad
1138 1689 1204 1747 ami·

237 1779 316 1838 sitias
330 1777 543 1856 comparandas.

277 1955 328 2014 Im
350 1954 409 2012 Sed
431 1955 467 2012 de
490 1955 611 2014 amicitia
630 1954 686 2012 alin
705 1953 777 2013 libro
790 1955 900 2015 dietum
914 1963 967 2024 est,
981 1955 1031 2034 qui
1044 1955 1208 2014 inscribitur

238 2044 350 2104 Laelius.
392 2044 475 2102 Nune
498 2045 624 2102 dinamus
645 2045 682 2102 de
700 2045 840 2124 gloria,
855 2065 1031 2122 quamquam
1044 2064 1079 2103 ea
1092 2064 1207 2122 quoque
1328 2086 1329 2113 ι

237 2133 274 2192 de
287 2153 318 2191 re
330 2132 387 2190 duo
399 2141 465 2190 sunt
479 2134 566 2192 nostri
581 2134 659 2192 libri:
676 2134 727 2192 sed
741 2135 922 2213 attingamus,
932 2135 1163 2211 quandoquidem
1172 2153 1208 2192 ea

205 2229 224 2282 ⁴2
238 2223 266 2280 in
276 2223 361 2282 rebus
371 2223 525 2300 majoribus
535 2223 762 2282 administrandis
772 2225 893 2300 adjuvat
902 2225 1064 2300 plurimum.
1089 2224 1208 2280 Summa

237 2312 323 2390 igitur
337 2320 366 2370 et
380 2312 507 2388 perfecta
526 2313 615 2390 gloria
630 2319 743 2370 constat
755 2331 792 2370 ex
805 2314 896 2371 tribus
909 2313 969 2370 his:
990 2312 1015 2370 si
1028 2312 1121 2391 diligit
1133 2313 1206 2370 mul·

238 2401 378 2470 titud0,si
398 2402 483 2460 fidem
504 2401 725 2470 habetdeum
746 2402 929 2461 admiratione
952 2401 1077 2478 quadam
1096 2404 1207 2460 honore

206 2498 223 2549 3
238 2493 339 2571 dignos
353 2499 445 2570 putat.
486 2491 556 2548 Hac
571 2499 678 2558 autem,
691 2491 715 2548 si
729 2498 774 2548 est
786 2491 951 2567 simpliciter
970 2490 1150 2567 brevitenlue
1163 2491 1205 2549 di·

238 2583 367 2648 cendum,
390 2581 493 2657 quibus
514 2580 600 2638 rebus
623 2580 771 2657 pan'rmtur
791 2599 810 2636 a
831 2579 959 2658 singulis,
981 2579 1090 2638 eisdem
1109 2580 1168 2638 fere
1188 2598 1207 2636 a

238 2670 424 2728 multitudine.
466 2669 525 2726 Sed
539 2677 583 2726 est
596 2669 667 2726 alius
685 2687 800 2746 quoque
819 2669 938 2743 quidam
950 2669 1044 2726 aditus
1059 2667 1096 2725 ad
1110 2669 1205 2726 multi·

238 2760 373 2825 tudinem,
388 2767 421 2814 ut
434 2758 463 2814 in
476 2758 670 2816 universorum
684 2758 792 2816 animos
812 2766 960 2834 tamquam
977 2757 1095 2815 influere
1116 2757 1206 2834 possi·

238 2867 310 2906 mus.

206 2943 226 2995 4
278 2937 324 2993 Aa
346 2934 468 3012 primum
490 2935 527 2992 de
546 2935 600 2994 illis
621 2936 719 3004 tribus,
734 2956 800 3014 quae
819 2943 886 2994 ante
899 2935 965 3004 dixi,
979 2935 1205 2994 benivolen-

238 3024 303 3083 tiae
332 3031 476 3102 praeeepta
500 3024 661 3082 videamus:
690 3045 755 3102 quae
783 3026 901 3103 quidem
928 3025 1041 3102 capitur
1063 3024 1206 3084 benefieiis

239 3114 379 3172 maxime:
401 3113 526 3172 seeundo
547 3121 643 3172 autem
665 3115 729 3172 loeo
743 3115 870 3173 benefica
883 3113 1029 3172 voluntate
1043 3114 1205 3172 benivolen-

207 3211 225 3264 a
240 3203 279 3260 tia
292 3209 429 3270 movetur,
441 3203 550 3260 etiamsi
564 3222 608 3260 res
622 3204 696 3261 fone
709 3223 766 3262 non
780 3203 917 3280 suppetit.
949 3203 1143 3260 Vehementer
1155 3223 1205 3260 au·

241 3301 299 3352 tem
313 3311 392 3350 amor
405 3292 594 3350 multitudinis
615 3301 809 3350 commovetur
821 3293 885 3371 ipsa
897 3293 974 3350 lama
987 3301 1017 3350 et
1031 3292 1161 3369 opinione
1174 3293 1206 3352 li·

240 3382 402 3448 beralitatis,
427 3381 628 3447 beneficentiae,
651 3382 777 3458 justitia,
803 3383 878 3450 fidei,
902 3382 1084 3458 omniumque
1109 3401 1206 3440 earum

240 3472 386 3540 virtutum,
401 3490 466 3548 quae
482 3470 622 3548 pertinent
635 3470 672 3526 ad
687 3472 932 3530 mansuetudinem
951 3490 1063 3528 morum
1083 3490 1119 3529 ae
1140 3471 1206 3528 faei-

208 3562 356 3622 dlitatem
397 3561 510 3620 Etenim
533 3560 603 3618 illud
626 3559 728 3636 ipsum,
742 3561 820 3638 qaod
840 3561 992 3618 honestum
1013 3560 1206 3638 decorumque

241 3652 367 3722 dicimus,
382 3651 448 3729 qnia
462 3671 513 3730 per
526 3670 557 3709 se
570 3649 651 3710 nobis
665 3649 769 3728 placet,
782 3649 946 3728 animosque
966 3649 1094 3708 omnium
1105 3657 1208 3708 natura
