2692 4292
516 347 602 390 traua
615 349 647 392 11.
689 349 755 392 our.
770 351 841 392 xvu.
1149 335 1189 398 π

167 478 308 537 cultatem
321 477 447 536 fructum
461 478 621 538 divitiarum
635 486 727 556 putat.
769 480 840 539 Mihi
852 487 950 538 eutem
963 479 1012 539 ille
1024 481 1136 541 fructus
1149 492 1167 545 b

166 569 352 636 liberalitatis,
369 569 451 646 cujus
473 587 564 644 pauca
585 569 715 646 exempla
735 571 826 646 posui,
841 571 932 629 multo
945 578 975 628 et
993 572 1085 650 major
1095 573 1135 631 vi·

168 659 255 716 detur
269 665 298 715 et
317 658 427 716 certior.
470 658 584 725 Quanto
598 658 697 714 Aristo
711 659 787 716 Ceus
807 659 923 736 gravius
936 669 966 718 et
979 661 1073 718 verius
1086 667 1168 720 ncsd

167 747 362 824 reprehendit,
377 747 425 823 qui
447 746 499 804 has
520 747 704 822 pecuniarum
722 748 872 805 effusiones
885 767 942 806 non
955 749 1134 818 admiremur,

168 855 237 913 quae
252 837 323 893 fiunt
342 837 379 892 ad
399 835 611 893 multitudinem
627 835 835 908 deliniendam:
856 844 886 894 at
899 837 927 904 ii,
941 839 989 914 qui
1002 839 1040 896 ab
1053 839 1135 898 hoste
1151 838 1168 898 'l

168 926 345 992 obsidentur,
363 925 387 983 si
408 944 503 982 emere
523 943 606 1001 aquae
626 925 781 982 sextarium
801 926 877 984 mina
890 934 1067 1004 cogerentur,
1082 929 1137 986 hoc

170 1016 264 1092 primo
285 1015 385 1071 auditu
404 1013 566 1072 incredibile
585 1013 667 1072 nobis
680 1015 777 1081 videri,
793 1033 948 1092 omnesque
960 1014 1062 1082 mirari,
1076 1017 1137 1084 sed,

170 1123 238 1162 cum
259 1103 437 1171 attenderint,
452 1103 563 1162 veniam
583 1103 744 1161 necessitati
757 1103 843 1172 dere;
863 1104 893 1163 iu
911 1104 955 1162 bis
968 1104 1137 1164 immanibus
1151 1111 1170 1166 8

167 1193 288 1272 jacturis
302 1193 470 1269 infinitisque
484 1192 645 1269 sumptibus
658 1193 727 1250 nihil
741 1212 792 1250 nos
806 1211 911 1272 magno
925 1213 1011 1271 opere
1025 1194 1136 1263 mirari;

170 1303 237 1340 cum
261 1282 420 1359 praesertim
440 1299 532 1358 neque
557 1282 719 1340 necessitati
738 1283 930 1351 subveniatur,
947 1303 1000 1341 nec
1014 1284 1136 1363 dignitas

170 1379 320 1449 augeatur,
332 1371 459 1448 ⁴ipsaque
483 1371 532 1428 illa
553 1371 705 1429 delectatio
727 1373 915 1430 multitudinis
935 1373 972 1430 sit
990 1373 1029 1430 ad
1051 1375 1138 1432 breve

170 1461 362 1540 exiguumque
383 1466 506 1537 tempus,
521 1479 612 1537 eaque
634 1479 652 1516 a
671 1461 813 1518 levissimo
832 1480 962 1537 quoque:
982 1463 1012 1518 iu
1024 1482 1082 1539 quc
1094 1471 1137 1520 ta·

170 1569 237 1607 meu
257 1550 320 1626 ipsc
339 1567 396 1606 una
416 1569 482 1607 cum
502 1550 642 1616 satietate,
657 1549 794 1606 memoria
806 1568 921 1626 quoque
939 1551 1076 1608 moriatur
1088 1571 1136 1608 vo

170 1639 298 1716 luptatis.
340 1639 418 1696 Bene
438 1639 523 1696 etiam
544 1639 659 1716 colligit,
679 1639 742 1696 baec
762 1639 857 1715 pueris
874 1646 906 1696 et
923 1639 1094 1697 mulierculis
1107 1647 1170 1700 etl

171 1729 262 1786 servis
282 1735 311 1786 et
331 1747 476 1786 servorum
498 1728 643 1786 simillimis
663 1727 759 1785 liberis
775 1746 837 1785 esse
855 1734 956 1806 grata,
976 1728 1058 1805 gravi
1070 1747 1138 1788 vero

169 1818 286 1886 homini,
301 1825 331 1875 et
350 1836 393 1884 ea,
412 1837 478 1894 quae
498 1818 578 1884 fiunt,
597 1817 706 1895 judicio
726 1824 805 1874 certo
825 1817 1001 1894 ponderanti,
1023 1818 1138 1895 probari

169 1927 256 1986 posse
275 1907 353 1964 nullo
372 1906 467 1964 modo.
510 1908 692 1982 Quamquam
711 1906 849 1984 intelligo,
863 1906 892 1964 in
913 1915 1010 1964 nostra
1023 1907 1137 1966 civitate
1153 1913 1190 1966 10

168 1997 340 2054 inveterasse
352 1996 413 2073 jam
427 1995 508 2054 bonis
523 1996 708 2072 temporibus,
722 2002 756 2053 ut
769 1996 904 2072 splendor
918 1997 1086 2054 aedilitatum
1100 1998 1137 2055 ab

170 2085 284 2163 optimis
297 2085 362 2142 viris
382 2085 550 2162 postuletur.
593 2086 696 2162 Itaque
712 2091 742 2142 et
757 2086 791 2144 P.
808 2086 937 2154 Crassus,
951 2105 1018 2144 eum
1032 2107 1136 2165 cogno·
1153 2093 1188 2146 11

169 2176 245 2234 mine
270 2174 357 2241 dives,
378 2180 442 2232 tum
463 2174 559 2252 copiis,
581 2175 698 2232 functus
717 2181 762 2232 est
786 2174 906 2233 aedilicio
925 2176 1050 2233 maximo
1073 2197 1135 2235 mu-

169 2283 247 2332 nere,
262 2271 291 2321 et
311 2261 398 2340 paulo
419 2271 485 2340 post
505 2264 537 2322 L.
554 2264 675 2321 Crassus
688 2283 755 2322 cum
768 2263 894 2321 omnium
914 2265 1061 2321 homiuum
1075 2285 1136 2322 mo·

170 2353 355 2418 deratissimo,
378 2350 412 2421 Q.
434 2352 537 2420 Mucio,
559 2352 837 2430 magnificentissima
859 2352 995 2410 aedilitate
1022 2353 1138 2410 functus

170 2451 234 2502 cst:
255 2441 357 2501 deinde
381 2442 414 2500 0.
437 2441 583 2508 Claudius,
598 2441 689 2518 Appii
706 2441 798 2498 filius:
827 2440 911 2498 multi
930 2447 1005 2517 post,
1019 2440 1140 2509 Luculli,

171 2531 349 2598 Hortensius,
365 2530 485 2588 Silanus.
515 2530 622 2588 Omnes
635 2537 732 2586 autem
746 2528 780 2586 P.
792 2528 940 2595 Lentulus,
951 2547 996 2586 me
1012 2530 1135 2597 consule,
1152 2536 1189 2590 12

170 2621 237 2679 vicit
250 2619 418 2697 superiores.
453 2619 539 2677 Hunc
554 2626 598 2676 est
612 2618 738 2676 Scaurus
750 2617 886 2674 imitatus.
920 2618 1137 2696 Magnificentis-

171 2711 243 2768 sima
255 2728 323 2766 vero
336 2708 424 2766 nostri
437 2709 566 2785 Pompeii
580 2727 699 2765 munera
712 2705 838 2764 secundo
852 2708 1017 2765 consulatu:
1037 2708 1066 2767 in
1075 2709 1136 2786 qui·

171 2800 226 2858 bus
237 2797 367 2857 omnibus
377 2797 445 2874 quid
457 2798 524 2856 mibi
539 2798 659 2874 placeat,
671 2796 759 2854 vides.
793 2797 891 2854 XVII.
906 2796 1032 2856 Vitanda
1042 2805 1138 2856 tamen

171 2888 294 2965 suspicio
307 2895 351 2946 est
365 2887 496 2946 avaritiae.
539 2887 695 2954 Mamerco,
712 2886 818 2943 bomini
831 2886 1004 2955 divitissimo,
1021 2896 1136 2965 praeter-

171 2977 266 3034 missio
288 2978 428 3036 aedilitatis
451 2976 615 3034 consulatus
635 2977 781 3054 repulsam
800 2977 906 3035 attulit.
948 2978 1043 3046 Quare
1056 2986 1095 3046 et,
1110 2979 1167 3038 si2

172 3067 364 3145 postulatura
378 3066 493 3144 populo,
508 3066 589 3124 bouis
604 3067 669 3123 viris
689 3067 783 3124 sinon
797 3066 1032 3134 desiderantibus,
1049 3075 1080 3124 at
1094 3076 1136 3125 ta·

171 3174 238 3212 men
249 3156 482 3233 approbantibus,
492 3155 652 3214 laciendum
663 3163 716 3222 est,
725 3156 812 3213 modo
822 3176 875 3234 pro
885 3157 1077 3224 facultatibus,
1086 3177 1138 3215 nos

171 3244 226 3322 ipsi
244 3253 277 3302 ut
296 3245 434 3312 fecimus;
455 3251 492 3311 et,
508 3244 531 3301 si
545 3245 659 3322 quando
673 3246 768 3321 aliqua
781 3265 826 3302 res
840 3247 931 3323 major
944 3254 1030 3324 atque
1043 3247 1139 3305 utilior

172 3334 302 3412 populari
325 3335 472 3412 largitione
491 3335 663 3410 acquiritur;
691 3342 724 3391 ut
745 3335 839 3392 Oresti
859 3355 951 3413 nuper
970 3337 1090 3413 prandia
1109 3334 1138 3392 in

172 3423 277 3480 semitis
292 3423 420 3481 decumae
433 3423 544 3480 nomine
557 3443 662 3502 magno
678 3424 778 3482 honori
797 3425 920 3482 fuerunt.
961 3425 1008 3482 Ne
1021 3424 1060 3480 M.
1076 3423 1135 3497 qui·
1151 3430 1169 3481 8

172 3511 238 3568 dem
263 3512 328 3569 Seio
348 3512 415 3569 vitio
436 3511 536 3569 datum
556 3520 608 3580 est,
630 3513 708 3589 quod
733 3513 761 3570 iu
782 3513 898 3571 caritate
922 3531 986 3569 asse
1009 3511 1137 3568 modium

172 3600 279 3677 populo
294 3599 381 3658 dedit.
412 3600 519 3677 Magna
533 3601 606 3658 enirn
620 3621 651 3658 se
665 3590 696 3658 et
708 3603 864 3658 inveterata
877 3599 981 3656 invidia
993 3617 1046 3654 uec
1060 3597 1138 3673 turpi

170 3687 291 3764 jactura,
305 3689 420 3766 quando
435 3695 496 3748 erat
511 3689 608 3757 aedilis,
623 3707 676 3748 nec
689 3690 812 3746 marium
827 3686 964 3745 liberarit.
1006 3684 1065 3744 Sed
1084 3685 1135 3744 bo·
1150 3693 1169 3748 4
