2692 4292
195 370 236 426 44
612 385 650 424 nn
666 381 794 424 osricus

215 521 315 574 onere
328 511 402 582 vitre,
416 513 467 572 sed
487 519 596 572 nature
616 513 715 592 magis.
756 510 850 568 Multo
863 510 938 569 enim
956 518 986 570 et
1005 510 1112 570 tirmior
1124 517 1169 568 est
1183 517 1217 570 et

248 603 436 660 constantior:
457 609 490 662 ut
510 603 624 661 fortune
636 619 839 678 nonnunquam
856 599 927 678 ipse,
942 601 1068 660 mortalis
1081 620 1147 658 eum
1160 601 1215 658 im·

215 697 233 750 6
247 691 359 750 mortali
372 699 473 750 natura
487 711 615 771 pugnero
629 692 767 750 videatur.
809 690 865 759 Qui
878 690 965 768 igitur
976 690 1015 749 ed
1028 698 1139 749 nature
1151 708 1216 746 suae

247 799 305 838 non
327 780 436 839 vitiosas
462 799 553 862 genus
580 781 727 840 consilium
752 779 865 838 vivendi
893 799 977 838 omne
1003 779 1163 846 contulerit,
1188 779 1215 836 is

248 871 434 928 constantiam
455 877 551 928 teneat
572 869 613 949 (id
632 871 708 930 enim
721 869 843 928 maxime
856 867 953 948 decet)
966 868 1019 926 nisi
1038 869 1112 926 torte
1125 888 1157 926 se
1170 869 1214 926 in·

216 958 233 1018 7
248 960 387 1018 tellexerit
399 979 507 1018 errasse
524 959 553 1019 in
567 959 719 1038 deligendo
732 977 837 1039 genere
850 959 925 1016 ritoe.
966 958 1051 1027 Quod
1064 958 1088 1015 si
1100 958 1214 1016 eccide-

247 1049 284 1108 rit
297 1048 405 1128 (potest
418 1057 514 1108 autem
528 1049 669 1126 accidere)
682 1049 813 1108 facienda
831 1067 943 1106 morum
962 1046 1214 1123 institutorumque

216 1145 233 1196 8
247 1141 367 1198 mutatio
380 1147 432 1198 est
466 1140 540 1198 Eam
552 1139 749 1205 mutationem,
761 1138 785 1196 si
798 1146 929 1214 tempora
942 1137 1128 1214 adjuvabunt,
1142 1137 1213 1194 ieci-

247 1229 300 1286 lius
314 1229 546 1306 commodiusque
559 1229 706 1288 faciemus.
746 1228 798 1287 Sin
809 1228 918 1295 minus;
939 1227 1044 1284 sensim
1056 1227 1110 1284 erit
1122 1226 1213 1303 pede-

249 1319 406 1394 tentimque
428 1317 573 1377 facienda:
595 1324 628 1376 ut
647 1317 793 1385 amicitias,
814 1335 880 1394 quoe
902 1317 995 1374 miuus
1016 1315 1158 1374 delectent
1180 1322 1214 1373 et

246 1407 339 1466 minus
353 1407 516 1484 probentur,
531 1407 622 1488 magis
636 1406 738 1468 decere
751 1413 868 1466 censent
881 1407 1024 1483 sepientes
1037 1405 1140 1463 sensim
1154 1404 1212 1462 dis-

215 1503 337 1565 9suere,
352 1515 439 1574 quem
459 1503 576 1575 repente
596 1496 759 1576 praecidere.
801 1497 984 1554 Commutato
997 1504 1093 1555 autem
1107 1513 1214 1572 genere

246 1588 320 1654 vitm,
335 1587 412 1646 omni
431 1588 539 1646 ratione
559 1586 718 1646 curandum
735 1593 789 1654 est,
803 1593 837 1644 ut
849 1586 881 1644 id
894 1587 970 1644 bono
983 1585 1098 1644 consilio
1111 1584 1215 1643 iecisse

247 1677 403 1736 videamur.
504 1685 508 1690 '

196 1771 234 1824 10
287 1766 345 1824 Sed
366 1766 497 1844 quoniam
518 1765 604 1842 paulo
624 1772 691 1824 ente
710 1765 818 1824 dictum
838 1772 892 1832 est,
908 1765 1059 1822 imitandos
1075 1783 1137 1822 esse
1151 1783 1214 1821 me-

245 1857 330 1932 jores,
352 1854 476 1932 primum
500 1854 571 1912 illud
596 1862 749 1931 exceptum
773 1856 874 1922 sitne
896 1855 965 1913 vitis
988 1855 1044 1912 sint
1067 1853 1212 1912 imitanda

197 1950 232 2003 11
249 1943 365 2008 Deinde,
381 1945 405 2000 si
424 1951 526 2002 nature
546 1962 602 2000 nou
622 1943 704 2012 leret,
718 1953 752 2002 nt
765 1945 898 2022 quedem
915 1944 1018 2002 imitari
1037 1943 1143 2022 possit;
1165 1941 1216 2019 (ut

157 2033 159 2042 ’
247 2032 398 2108 superioris
414 2033 541 2090 Africani
560 2033 643 2100 filius,
659 2034 708 2110 qui
728 2034 804 2092 hunc
818 2035 922 2092 Paullo
939 2042 1040 2091 netum
1054 2032 1213 2108 adoptavit,

248 2129 365 2199 propter
378 2121 567 2180 infirmitatem
581 2122 752 2181 valetudinis
764 2143 821 2181 nou
834 2131 894 2182 tam
907 2124 1001 2200 potuit
1014 2123 1102 2200 patris
1116 2121 1215 2178 similis

197 2216 233 2270 la
248 2229 320 2277 esse,
334 2229 420 2288 quam
442 2212 488 2270 ille
510 2212 604 2270 luerat
624 2210 680 2290 sui)
700 2213 724 2270 si
742 2213 831 2291 igitur
847 2232 904 2271 non
922 2213 1027 2289 poterit
1040 2213 1097 2268 sive
1111 2230 1214 2270 causas

249 2301 426 2370 defensitare,
442 2303 500 2360 sive
521 2302 660 2379 populum
682 2303 861 2360 concionibus
881 2310 987 2369 tenere,
1001 2302 1060 2359 sive
1074 2301 1149 2359 bella
1162 2319 1213 2378 ge-

247 2409 324 2449 rere:
345 2390 392 2449 illo
411 2399 507 2450 tamen
527 2399 663 2467 prestare
684 2391 809 2459 debebit,
825 2411 890 2468 quae
908 2398 991 2449 amnt
1010 2392 1040 2448 iu
1059 2387 1146 2468 ipsius
1161 2410 1212 2467 po-

248 2488 359 2548 testate,
372 2481 519 2559 justitiam,
531 2480 626 2548 fidem,
642 2481 847 2547 liberalitatem,
859 2481 1037 2549 modestiam,
1051 2488 1212 2556 temperau-

199 2577 233 2628 13
248 2572 326 2639 tiam,
340 2591 398 2648 quo
418 2572 511 2630 minus
531 2571 569 2628 ab
589 2591 623 2629 eo
645 2570 683 2637 id,
698 2571 776 2647 quod
790 2570 872 2638 desit,
887 2571 1054 2648 requiratur.
1095 2570 1213 2646 Optime

248 2669 344 2719 autem
358 2661 500 2718 hereditas
514 2679 531 2717 e
545 2661 672 2737 patribus
686 2660 808 2718 traditur
821 2659 923 2726 liberis,
935 2661 1067 2736 omnique
1077 2660 1211 2736 patrimo

248 2751 294 2807 nio
315 2750 501 2826 prestantior,
523 2750 613 2827 glorie
626 2750 738 2830 virtutis
752 2769 903 2825 rerumque
916 2757 1081 2828 gesturum:
1102 2749 1148 2806 cui
1162 2747 1212 2806 de·

250 2838 344 2896 decori
357 2856 428 2906 esse,
442 2839 521 2896 nefas
535 2845 565 2896 et
578 2839 696 2918 impium
708 2839 896 2918 judicandum
909 2845 964 2896 est.

40 2973 238 3074 ,s
288 3017 423 3076 XXXIV.
438 3018 476 3075 Et
490 3017 623 3094 quonism
637 3019 728 3078 officia
741 3038 798 3078 non
810 3019 912 3081 eadem
925 3016 1086 3096 disparibus
1098 3015 1212 3074 etati·

249 3105 313 3164 bus
326 3107 497 3174 tribuuntur,
509 3107 619 3185 utaque
633 3116 700 3166 sunt
710 3110 857 3187 juvenum,
867 3109 923 3166 alin
932 3109 1088 3165 seniorum:
1106 3105 1213 3182 aliquid

218 3202 235 3254 2
250 3195 335 3252 etism
345 3195 382 3252 de
392 3196 445 3253 hcc
457 3196 634 3254 distinctione
644 3197 796 3256 dicendum
808 3206 860 3258 est.
888 3199 941 3255 Est
954 3197 1040 3275 igitur
1049 3195 1211 3253 adolescen-

251 3284 294 3351 tis,
308 3283 428 3361 majores
448 3291 518 3342 netu
531 3286 628 3352 vereri,
644 3305 735 3362 exque
754 3287 799 3345 his
812 3287 938 3364 deligere
956 3285 1079 3362 optimos
1097 3291 1127 3341 et
1147 3303 1211 3362 pro-

249 3373 416 3440 batissimos,
429 3393 550 3450 quorum
562 3373 678 3431 consilio
687 3381 773 3452 atque
783 3376 951 3434 auctoritate
964 3375 1079 3432 nitetur.
1108 3375 1210 3430 Ineun-

249 3465 285 3522 tis
300 3464 374 3522 enim
389 3463 479 3520 etatis
492 3463 602 3520 inscitia
621 3481 721 3520 senum
739 3464 937 3524 constituenda
956 3471 986 3522 et
1004 3463 1131 3541 regenda
1144 3482 1211 3540 pru·

219 3562 235 3612 3
252 3554 346 3612 dentis
368 3560 419 3611 est.
461 3552 584 3610 Maxime
604 3558 700 3609 eutem
721 3553 783 3610 haec
801 3562 871 3611 aetss
885 3573 903 3611 e
915 3553 1077 3611 libidinibus
1089 3551 1213 3609 arcendo

250 3651 302 3710 est,
324 3641 538 3720 exercendoque
559 3641 589 3700 in
611 3641 709 3700 labore
732 3642 923 3720 patientiaque
942 3649 972 3700 et
994 3641 1081 3699 enimi
1101 3648 1131 3697 et
1150 3659 1212 3698 cor·

249 3733 326 3810 poris
336 3753 344 3802 ;
364 3740 398 3792 ut
417 3751 516 3792 eorum
535 3739 566 3792 et
587 3731 617 3792 iu
639 3731 745 3792 bellicis
763 3731 841 3790 etin
861 3732 988 3791 civilibus
1008 3730 1105 3790 officiis
1117 3729 1214 3808 vigeat
