2692 4292
192 381 230 440 16
606 393 645 432 rur
665 392 794 434 osricus

242 523 340 601 pediti,
355 541 427 600 quos
446 523 519 580 tueri
540 523 653 590 debent,
669 522 813 581 deserunt.
854 522 956 599 Itaque
974 541 1024 580 eos
1045 541 1082 581 ne
1095 521 1134 580 ad
1147 539 1214 580 rem

243 613 386 690 publicam
412 631 575 671 accessuros
595 613 710 688 quidem
734 618 826 690 putat,
847 612 900 670 nisi
919 621 1042 670 coactos.
1083 613 1212 688 AEquius

242 710 337 759 autem
358 710 427 770 erat,
442 701 472 759 id
493 702 638 760 voluntate
659 702 726 760 fieri.
769 701 844 758 Nam
858 702 912 759 hoc
932 702 1026 778 ipsum
1046 701 1086 758 ita
1097 702 1211 779 justum

209 799 226 850 5
243 801 294 857 est,
310 791 387 867 quod
408 801 484 848 recte
505 791 545 858 lit,
560 791 583 849 si
598 800 641 847 est
655 791 851 848 voluntarium.
894 791 969 848 Sunt
989 791 1081 858 etiam,
1096 791 1145 866 qui
1159 798 1212 849 aut

242 880 336 938 studio
364 880 404 938 rei
426 879 570 938 familiaris
599 880 725 948 tuendae,
746 887 797 938 aut
818 880 885 938 odio
907 880 1030 958 quodam
1051 881 1209 948 homiuum,

242 989 324 1026 suum
339 989 369 1028 sc
383 969 528 1050 negotium
542 987 627 1048 agere
641 969 746 1036 dicant,
757 989 793 1026 ne
806 970 901 1028 facere
915 970 1046 1047 cuiquam
1060 969 1211 1028 videantur

241 1059 386 1136 iujuriam:
408 1059 457 1136 qui
470 1059 560 1116 altero
580 1077 684 1136 genere
697 1058 843 1136 injustitiae
858 1066 969 1126 vacant,
983 1060 1012 1116 in
1031 1060 1153 1118 alterum
1166 1060 1207 1116 iu-

242 1155 366 1206 currunt.
408 1148 549 1206 Deserunt
573 1147 646 1204 enim
670 1147 736 1204 vitae
762 1148 933 1214 societatem,
955 1148 1021 1225 quia
1044 1149 1113 1206 nihil
1140 1168 1207 1207 cou-

241 1236 337 1294 feruut
350 1237 378 1294 in
392 1253 455 1294 eam
468 1235 561 1302 studii,
576 1237 643 1294 nihil
657 1255 761 1314 operae,
776 1238 843 1296 nibil
856 1237 1035 1296 facultatum.

209 1330 227 1383 6
283 1325 403 1394 Quando
416 1325 502 1404 igitur
516 1325 628 1384 duobus
647 1327 799 1404 generibus
818 1327 961 1405 injustitiae
982 1328 1142 1404 propositis,
1155 1327 1207 1385 ad-

239 1413 384 1492 junximus
398 1433 497 1472 causas
511 1415 657 1494 utriusque
671 1417 791 1494 generis,
805 1435 910 1494 easque
923 1436 968 1474 res
981 1425 1046 1475 ante
1061 1417 1207 1476 coustitui-

241 1523 313 1572 mus,
342 1505 445 1581 quibus
470 1505 581 1582 justitia
608 1506 814 1565 contineretur:
841 1507 933 1576 tacite,
960 1507 1040 1584 quod
1068 1508 1208 1585 cujusque

241 1595 376 1673 temporis
391 1594 513 1652 officium
527 1595 571 1662 sit,
587 1594 753 1673 poterimus,
767 1596 819 1653 nisi
832 1597 1019 1674 nosmetipsos
1033 1596 1116 1655 valde
1129 1616 1207 1654 ama-

210 1682 343 1752 lbimus,
355 1685 492 1762 judicare.
534 1685 587 1742 Est
607 1685 682 1742 enim
703 1685 822 1744 difficilis
842 1705 911 1744 curs
931 1705 1025 1744 rerum
1044 1687 1206 1746 alienarum.

244 1775 424 1851 Quamquam
439 1775 621 1832 Terentianus
635 1774 683 1832 ille
697 1775 835 1833 Chremes
849 1776 965 1833 humaui
978 1776 1046 1834 nibil
1059 1795 1077 1832 a
1091 1795 1121 1833 se
1139 1777 1206 1834 alie-

241 1884 310 1922 uum
322 1870 413 1941 putat.
454 1863 512 1920 Sed
526 1871 623 1922 tamen
633 1863 700 1940 quia
713 1864 804 1942 magis
815 1883 850 1922 ea
860 1865 1032 1943 percipimus
1044 1872 1130 1942 atque
1144 1885 1207 1924 sen-

241 1954 335 2020 timus,
357 1971 422 2029 quae
443 1951 612 2031 nobisipsis
633 1960 684 2011 aut
703 1972 841 2032 prospera
860 1962 911 2012 aut
923 1955 1043 2013 adversa
1065 1956 1207 2024 eveniunt,

241 2062 326 2120 quam
345 2041 401 2109 illa,
422 2060 486 2120 quae
508 2043 615 2111 ceteris,
637 2061 703 2120 quse
730 2043 811 2120 qussi
832 2044 920 2122 longo
945 2045 1093 2104 intervallo
1121 2045 1207 2103 iuter-

208 2141 227 2192 8
239 2134 316 2212 jecto
331 2132 476 2190 videmus:
498 2132 580 2190 aliter
594 2133 630 2191 de
644 2133 753 2200 illisae
767 2133 906 2200 danobis,
919 2134 1088 2211 judicamus.
1129 2136 1207 2203 Quo-

241 2223 315 2282 circa
342 2223 414 2281 beue
439 2221 623 2299 praecipiunt,
644 2223 694 2299 qui
717 2230 814 2281 vetant
837 2224 987 2300 quicquam
1011 2243 1104 2303 ogere,
1127 2225 1208 2301 quod

241 2311 354 2370 dubites
373 2331 487 2388 aequum
500 2311 543 2380 ιιι,
559 2329 595 2370 au
615 2312 751 2388 iniquum.
803 2313 938 2390 AEquitas
957 2315 1032 2372 enim
1049 2314 1124 2373 lucet
1143 2315 1209 2392 ipsa

241 2421 293 2482 per
307 2421 346 2470 se,
362 2401 502 2461 dubitatio
516 2401 718 2481 cogitationem
730 2403 869 2482 siguificat
882 2404 1002 2482 iujuriae.

100 2565 203 2596 ΜΨ
280 2583 315 2640 X.
337 2581 395 2640 Sed
422 2581 549 2640 incidunt
579 2600 656 2660 saepe
683 2589 822 2660 tempora,
843 2603 909 2640 cum
933 2603 976 2653 ea,
996 2603 1063 2661 quae
1084 2584 1208 2643 maximo

240 2672 372 2730 videntur
385 2671 472 2750 digna
486 2691 549 2728 esse
561 2671 640 2749 justo
653 2672 774 2740 homine,
786 2691 885 2749 eoque,
896 2693 982 2750 quem
996 2673 1085 2732 virum
1099 2675 1207 2732 bouum

241 2761 370 2826 dicimus,
385 2768 595 2818 commutantur
614 2761 742 2838 fiuntque
765 2763 913 2829 contraria,
928 2772 962 2820 ut
982 2764 1103 2822 reddere
1118 2764 1207 2842 depo-

242 2851 336 2916 situm,
351 2850 442 2906 facere
458 2849 644 2926 promissum:
665 2870 789 2928 quaeque
802 2853 943 2930 pertinent
957 2853 995 2910 ad
1008 2854 1156 2912 veritatem
1177 2861 1209 2912 et

209 2946 226 2998 2
242 2940 278 2997 ad
289 2939 382 3006 fidem,
394 2958 429 2996 aa
437 2941 558 3016 migrare
569 2939 712 2998 interdum
726 2949 756 2999 et
769 2961 825 3000 non
838 2961 951 3002 servare
961 2944 993 3001 fit
1003 2944 1122 3022 justum.
1149 2945 1207 3001 Ite·

241 3029 390 3086 ferrienim
401 3028 532 3086 decetad
546 3047 663 3106 eaquae
678 3031 759 3107 posui
775 3031 920 3110 principio,
931 3033 1116 3092 fundamenta
1123 3034 1208 3111 justi-

241 3118 312 3176 tiae:
335 3119 466 3195 primum,
477 3126 509 3176 ut
523 3138 558 3177 ue
572 3119 618 3178 cui
632 3126 783 3188 noceatur;
804 3121 916 3189 deiude,
930 3129 964 3179 ut
977 3123 1119 3180 communi
1133 3123 1208 3180 utili-

209 3215 226 3266 8
241 3208 293 3265 tati
311 3207 456 3266 serviatur.
498 3209 541 3266 Ea
554 3228 620 3266 oum
634 3215 763 3286 tempore
783 3218 1002 3279 commutantur,
1017 3220 1209 3270 commutatur

242 3297 374 3364 officium,
395 3304 425 3354 et
447 3316 504 3354 uon
528 3317 640 3374 semper
664 3307 709 3357 est
731 3299 817 3357 idem.
857 3301 958 3358 Potest
982 3301 1057 3358 enim
1078 3300 1209 3360 accidere

241 3387 412 3466 promissum
423 3386 538 3462 aliquod
549 3394 578 3445 et
593 3395 773 3457 conventum,
782 3396 815 3447 ot
827 3390 858 3447 id
871 3391 943 3448 effici
956 3390 993 3448 sit
1005 3389 1103 3448 inutile
1112 3391 1158 3448 vel
1171 3390 1207 3458 ei,

208 3478 286 3537 4uui
310 3477 480 3555 promissum
504 3475 548 3543 sit,
570 3477 614 3534 vel
638 3477 672 3544 ei,
694 3478 743 3554 qui
766 3480 935 3555 promiserit.
975 3479 1052 3536 Nam
1074 3479 1106 3546 si,
1121 3486 1155 3536 ut
1179 3480 1209 3538 iu

241 3567 344 3626 fabulis
358 3574 409 3633 est,
425 3567 587 3644 Neptunus,
602 3566 680 3642 quod
700 3567 810 3626 Tbeseo
825 3569 1000 3646 promiserat,
1014 3589 1071 3627 uon
1084 3569 1207 3637 fecisset,

239 3659 367 3718 Theseus
381 3655 540 3734 Hippolyto
554 3656 610 3714 filio
631 3675 687 3715 uon
707 3664 783 3716 esset
802 3660 929 3717 orbatus.
969 3659 1014 3716 Ex
1029 3659 1118 3716 tribus
1133 3658 1209 3716 enim

239 3750 355 3830 optatis,
376 3755 410 3808 ut
429 3745 569 3815 scribitur,
589 3747 644 3806 hoc
668 3755 730 3806 erat
750 3747 875 3816 tertium,
895 3748 973 3827 quod
997 3748 1034 3808 de
1054 3747 1207 3827 Hippolyti
