2692 4292
185 341 226 398 20
600 357 639 398 nn
660 357 789 398 ormena

16 517 183 578 ..a-⁶*
204 489 223 542 8
237 483 353 562 plieium
365 483 457 544 redire
469 483 579 552 meluit,
595 503 682 563 quam
694 485 782 544 fldem
794 485 870 542 hosti
883 483 982 542 datam
994 483 1101 544 fallere.
1136 481 1206 564 [ΒΘ.
1314 481 1321 489 ’

237 572 331 632 eundo
351 580 447 632 autem
466 575 575 632 Punico
595 575 678 641 belle,
693 581 761 651 pest
780 547 1115 652 Oen‘iii'sen‘fpugffi,
1130 593 1207 652 ques

236 661 337 724 decem
351 662 492 722 Hannibal
506 664 629 721 Romam
642 663 772 721 astrictos
785 663 862 720 misit
872 663 937 740 jure
949 662 1073 740 jurando
1086 681 1118 720 se
1128 663 1206 721 radi·

236 757 317 810 turos
330 769 401 819 esse,
415 752 468 810 nisi
486 752 523 810 de
542 751 715 812 redimendis
727 752 770 819 iis,
783 750 833 828 qui
852 751 929 828 capti
948 758 1038 819 erant,
1052 751 1205 828 impetras·

237 847 314 907 sent;
335 859 384 898 eos
403 859 511 910 omncs,
526 859 666 908 censores,
680 840 776 917 quoad
799 840 919 917 quisquc
939 859 1037 898 eorum
1058 840 1136 908 vixit,
1150 840 1203 918 qui

238 929 421 1006 pejerassent,
441 930 469 988 in
493 931 598 990 arariis
624 930 807 1007 reliquerunt.
848 929 911 987 Nec
933 928 1028 986 minus
1049 928 1137 995 illum,
1151 929 1207 1006 qui

204 1019 306 1096 djuris
324 1019 439 1096 jurandi
458 1018 558 1078 fraude
579 1018 694 1096 culpam
713 1018 867 1076 invenerat
909 1017 984 1076 Cum
1001 1017 1076 1074 enim
1094 1017 1204 1075 Hanni·

236 1108 307 1166 balis
328 1109 468 1184 permissu
480 1109 584 1166 exisset
603 1108 640 1166 de
654 1107 763 1175 caetris,
776 1106 861 1165 rediit
880 1106 967 1184 paulo
987 1113 1062 1183 post,
1077 1106 1155 1182 quod
1170 1125 1203 1164 ee

204 1204 222 1256 5
237 1197 356 1254 oblitum
369 1197 464 1255 nescio
477 1197 545 1273 quid
559 1197 673 1255 diceret.
715 1195 827 1254 Deinde
841 1214 975 1272 egressus
987 1213 1003 1252 e
1014 1195 1123 1262 eastris,
1135 1195 1203 1272 jure

234 1284 357 1363 jurando
377 1304 408 1344 se
428 1286 553 1344 solutum
572 1286 703 1362 putabat.
743 1285 783 1343 Et
802 1291 865 1343 erat
883 1284 985 1352 verbis,
1000 1303 1032 1342 re
1050 1302 1108 1342 nen
1128 1290 1202 1344 erat.

205 1380 222 1432 6
238 1373 357 1451 Semper
370 1381 466 1432 autem
479 1374 508 1432 in
521 1373 586 1442 fide,
602 1372 671 1451 quid
691 1373 820 1440 senseris,
834 1392 892 1431 non
904 1372 974 1450 quid
995 1372 1108 1440 dixeris,
1123 1373 1202 1451 cogi-

206 1461 222 1521 'l
237 1461 364 1521 tandum.
399 1462 554 1522 Maximum
567 1470 663 1521 autem
677 1463 840 1540 exemplum
853 1469 898 1520 est
908 1462 1036 1540 justitiae
1049 1461 1079 1520 in
1090 1463 1206 1520 hostem

237 1551 429 1630 amajoribus
455 1553 558 1610 nostris
586 1552 781 1619 constitutum,
804 1569 871 1610 cnm
896 1569 915 1608 a
940 1552 1054 1628 Pyrrho
1082 1551 1205 1628 perfuga

237 1641 346 1700 senatui
366 1649 410 1700 ast
433 1641 582 1719 pollicitus,
606 1659 637 1700 ae
663 1659 805 1699 venenum
831 1639 892 1720 regi
920 1639 1064 1708 daturum,
1084 1647 1114 1698 et
1134 1658 1203 1698 eum

236 1737 411 1789 necaturum.
452 1731 575 1790 Senatus
589 1738 618 1788 ct
639 1730 672 1788 (l.
687 1730 833 1788 Fabricius
853 1729 1004 1807 perfugam
1023 1730 1137 1807 Pyrrho
1151 1728 1203 1786 de·

206 1818 318 1877 edidit.
360 1821 406 1878 Ita
425 1839 460 1876 ne
480 1819 570 1878 hostis
583 1818 743 1901 quidem‘et
763 1819 886 1896 potentis
899 1826 931 1877 et
951 1819 1058 1877 bellum
1072 1818 1148 1876 ultre
1161 1816 1203 1874 in-

237 1907 353 1965 ferentis
374 1908 517 1966 interitum
535 1927 600 1966 cum
620 1907 726 1966 scelere
739 1905 932 1986 approbavit]
971 1907 1020 1966 Ac
1039 1907 1076 1966 de
1095 1907 1204 1966 bellicis

238 1997 354 2072 quidem
367 1996 463 2054 officiis
476 1998 544 2056 satis
558 1997 667 2058 dictum
681 2004 734 2055 est.

206 2091 224 2144 9
277 2085 487 2144 Meminerimus
500 2094 604 2154 autern,
616 2087 702 2144 etiam
716 2085 853 2144 adversus
866 2085 976 2144 infimos
988 2085 1127 2164 justitiam
1140 2103 1205 2144 esse

239 2174 415 2233 servandam.
456 2175 509 2233 Est
522 2183 619 2234 autem
632 2176 727 2233 intima
741 2175 866 2234 conditio
880 2182 909 2233 et
917 2175 1034 2232 fortuna
1046 2194 1203 2242 servornm,

238 2263 339 2339 quibus
359 2281 415 2322 non
434 2265 507 2323 male
528 2264 700 2341 praeeipiunt
719 2264 769 2342 qui
795 2265 836 2322 ita
857 2263 959 2340 jubent
979 2264 1023 2321 uti
1041 2270 1075 2321 ut
1093 2282 1203 2321 merce·

188 2357 224 2409 10
238 2352 329 2419 nanis,
354 2371 470 2430 operam
501 2353 679 2431 exigendam,
692 2353 771 2431 justa
793 2351 957 2430 praebenda.
1008 2352 1083 2408 (lum
1105 2359 1203 2410 autem

241 2441 353 2501 duobus
373 2441 472 2510 modis,
488 2440 517 2499 id
538 2449 581 2500 est
601 2449 652 2500 aut
671 2443 699 2499 vi
719 2449 770 2499 aut
790 2441 899 2507 fraude,
914 2440 965 2496 fiat
984 2439 1102 2517 injuria;
1122 2440 1203 2498 fraus

240 2531 321 2607 quasi
342 2531 511 2608 vulpeculae,
527 2531 569 2588 vis
588 2529 676 2589 leonis
689 2531 817 2588 videtur:
843 2536 995 2605 utrumqne
1009 2529 1122 2586 homine
1135 2529 1202 2586 alie·

188 2626 225 2679 11
241 2619 395 2687 nissimum‚
411 2620 463 2678 sed
476 2621 555 2678 fraus
569 2620 634 2678 odio
648 2619 735 2698 digna
748 2619 864 2696 majore.
906 2618 1004 2675 Totius
1018 2627 1114 2676 autem
1128 2618 1200 2694 inju-

241 2709 325 2766 stitiae
346 2708 424 2766 nulla
444 2709 590 2785 capitalior
610 2717 661 2776 est,
677 2727 762 2786 quam
784 2726 891 2773 eorum,
907 2707 1040 2784 quitum,
1056 2727 1121 2764 cum
1140 2725 1200 2763 ma-

239 2796 314 2853 nime
326 2795 435 2863 fallunt,
448 2796 476 2853 id
491 2805 588 2875 agunt,
599 2805 633 2856 ut
646 2797 699 2855 viri
711 2796 778 2855 boni
791 2814 853 2854 esse
863 2795 1021 2854 videantur.
1062 2795 1107 2854 De
1118 2794 1202 2874 justi·

238 2885 279 2944 tia
292 2884 359 2942 satis
374 2885 482 2943 dietum
496 2893 549 2945 est.

278 3061 358 3120 XIV.
380 3061 532 3140 Deinceps,
545 3068 579 3120 ut
593 3068 654 3120 erat
666 3061 856 3140 propositum,
871 3061 908 3120 de
929 3059 1147 3120 beneficentia
1166 3080 1201 3120 ae

239 3149 276 3210 de
289 3150 491 3210 liberalitate
502 3152 627 3219 dicetur:
640 3169 698 3228 qun
707 3151 822 3229 quidem
832 3152 899 3209 nihil
908 3158 951 3209 eet
961 3150 1202 3208 naturoeheminis

206 3248 223 3300 2
239 3239 493 3298 accommodatius:
515 3241 567 3299 sed
581 3241 669 3302 habet
683 3240 787 3298 multas
800 3241 953 3298 cautiones.
981 3238 1146 3297 Videndum
1156 3246 1202 3296 est

238 3329 312 3388 enim
335 3329 465 3406 primum,
480 3348 515 3386 ne
537 3330 612 3389 obsit
632 3317 801 3406 benignitas,
821 3336 852 3386 et
866 3329 907 3386 ⁴iis
930 3329 1005 3406 ipsis,
1027 3328 1130 3404 quibus
1151 3328 1201 3385 be-

237 3419 322 3497 nigne
335 3417 478 3476 videbitur
492 3419 558 3485 fieri,
574 3426 605 3476 et
618 3418 736 3475 ceteris:
758 3418 868 3484 deinde,
882 3437 918 3475 ne
937 3419 1028 3494 major
1041 3417 1203 3495 benignitas

238 3509 283 3575 sit,
299 3527 385 3584 quam
399 3507 566 3564 facultates:
588 3514 657 3574 tum,
669 3513 703 3563 ut
717 3525 769 3581 pre
783 3505 921 3584 dignitate
934 3507 1036 3583 cuique
1049 3506 1200 3563 tribuatur.

238 3596 275 3655 Id
288 3599 362 3655 enim
376 3604 421 3655 est
437 3596 558 3676 justitia
572 3595 801 3666 fundamentum,
814 3594 954 3674 adquam
973 3596 1038 3656 hae
1050 3593 1203 3654 referenda
