2692 4292
153 296 191 350 80
568 305 605 344 ua
626 305 755 346 osricus

171 435 448 514 aperturbationum
461 434 555 502 animi,
570 443 600 494 et
613 453 710 494 rerum
729 433 833 492 modus
853 434 986 494 cernitur.
1026 435 1093 493 Hoc
1106 433 1173 492 loco

203 527 367 585 continetur
380 526 418 594 id,
433 526 511 604 quod
525 525 580 584 dici
600 525 702 584 Latine
722 525 907 584 decorum
928 532 1042 602 petest:
1064 525 1171 584 Graece

202 618 277 675 enim
298 621 394 698 ‹gtrror
417 615 528 674 dicitur.
570 615 666 692 Hujus
680 615 723 672 ris
743 634 777 672 ea
796 623 899 682 estut
918 616 955 674 ab
973 615 1093 672 honesto
1112 633 1171 672 non

201 715 289 782 queat
302 705 434 783 separari.
470 705 546 764 Nam
561 711 590 762 et
603 704 681 781 quod
695 704 788 771 decet,
803 705 956 762 honesturn
969 712 1029 771 est;
1048 711 1078 762 et
1091 703 1171 780 quod

169 795 351 854 &honestum
374 803 426 862 est,
447 793 539 852 decet.
581 795 679 863 Qualia
700 802 799 852 autem
819 794 977 852 differentia
997 795 1034 852 ait
1057 793 1171 852 honesti

201 893 231 943 et
244 885 347 952 decori,
362 885 471 942 facilius
485 884 610 962 intelligi,
625 903 711 962 quam
725 883 870 961 explanari
882 893 986 963 potest.
1028 883 1170 961 Quicquid

201 984 246 1034 est
266 975 349 1042 enim,
366 973 444 1052 quod
465 974 576 1042 deceat,
590 973 620 1032 id
634 983 695 1031 tum
715 982 845 1051 apparet,
861 994 927 1032 cum
947 981 1111 1051 antegressa
1124 981 1170 1030 est

168 1068 187 1123 4
200 1065 343 1124 honestas.
385 1066 487 1140 Itaque
501 1082 558 1120 non
571 1063 664 1121 solum
678 1062 708 1120 in
721 1064 774 1120 hac
789 1072 871 1140 parte
886 1062 1050 1130 honestatis,
1061 1062 1098 1121 de
1110 1082 1170 1139 qua

201 1154 254 1211 hoo
275 1154 338 1211 loco
359 1152 554 1211 disserendum
575 1159 628 1220 est,
644 1152 697 1210 sed
716 1150 802 1210 etiam
815 1151 845 1210 in
858 1152 949 1211 tribus
968 1153 1169 1230 superioribus,

159 1251 186 1316 ¹6
201 1243 269 1322 quid
290 1243 400 1310 deceat,
422 1250 552 1319 apparet.
594 1242 671 1299 Nam
692 1250 722 1300 et
742 1243 850 1302 ratione
870 1244 913 1301 uti
934 1251 1021 1320 atque
1042 1242 1169 1300 eratione

201 1331 364 1410 prudenter,
380 1339 409 1392 et
422 1350 516 1410 agere,
532 1332 610 1410 quod
632 1351 713 1410 agea,
728 1332 914 1401 considerate,
928 1333 1060 1410 omnique
1078 1332 1108 1390 in
1126 1351 1168 1399 re,

201 1422 268 1500 quid
287 1422 324 1480 sit
338 1422 404 1490 veri,
420 1421 516 1479 videre
536 1429 566 1480 et
585 1421 659 1481 tueri
680 1421 780 1480 decet:
802 1430 959 1499 contraque
976 1423 1044 1490 tulli,
1066 1439 1169 1488 errare,

200 1512 266 1581 labi,
276 1511 369 1590 decipi
382 1520 441 1570 tam
455 1511 586 1578 dedecet,
596 1530 683 1589 quam
693 1511 812 1570 delirare
822 1519 853 1569 et
862 1520 958 1570 mente
967 1532 1030 1570 esse
1041 1519 1168 1590 captum.

168 1602 239 1660 eEt
260 1603 338 1681 justa
359 1603 452 1660 omnia
474 1601 578 1660 decora
598 1609 681 1668 sunt;
702 1601 808 1679 injusta
827 1610 935 1669 contra,
956 1610 990 1659 ut
1009 1602 1113 1679 turpia,
1128 1601 1169 1658 sie

200 1692 340 1750 indecora.
382 1691 486 1749 Similis
500 1699 544 1748 est
557 1693 628 1748 ratio
646 1689 828 1750 fortitudinis.
870 1691 954 1760 Quod
967 1692 1041 1750 enim
1055 1691 1170 1748 viriliter

200 1782 351 1858 animoque
370 1799 476 1858 magne
496 1781 536 1846 fit,
558 1780 586 1837 id
608 1780 727 1858 dignum
747 1781 808 1838 viro
829 1788 860 1838 et
881 1780 1017 1838 decorum
1038 1781 1168 1839 videtur:

169 1870 278 1946 tquod
301 1878 407 1935 contra,
430 1868 459 1926 id
482 1876 516 1926 ut
535 1878 628 1946 turpe,
652 1870 692 1926 sic
714 1870 888 1928 indecorum.
930 1872 1025 1940 Quare
1047 1871 1169 1948 pertinet

158 2005 165 2016 .
201 1959 317 2036 quidem
330 1958 367 2015 ad
381 1977 493 2015 omnem
508 1959 687 2016 honestatem
707 1960 771 2026 hoc,
786 1961 864 2037 quod
879 1960 950 2027 dico,
966 1961 1118 2018 decorum:
1138 1968 1170 2018 et

200 2049 241 2108 ita
254 2049 384 2124 pertinet,
400 2056 501 2106 utnon
522 2049 669 2107 recondita
690 2049 816 2125 quadam
835 2051 943 2107 ratione
962 2060 1101 2117 cernatur,
1117 2049 1168 2108 sed

170 2137 287 2198 esitio
307 2149 451 2216 promptu.
493 2137 546 2196 Est
570 2139 644 2196 enim
668 2139 814 2215 quiddam,
839 2139 927 2216 idque
950 2140 1115 2218 intelligitur
1140 2140 1170 2196 in

202 2227 277 2284 omni
290 2228 402 2294 ιίτιιιιι,
418 2227 495 2305 quod
509 2227 628 2286 deceat:
651 2227 730 2304 quod
744 2229 915 2306 cogitatione
928 2230 1019 2307 magis
1033 2249 1051 2286 a
1064 2230 1170 2286 virtute

169 2323 187 2377 9
202 2324 298 2394 potest
311 2336 397 2396 quam
412 2336 442 2375 re
456 2317 588 2394 seperari.
631 2319 673 2375 Ut
687 2326 822 2396 venustas
832 2325 861 2376 et
875 2318 1058 2394 pulchritudo
1068 2339 1168 2396 corpo-

202 2409 239 2466 ris
253 2408 360 2466 secerni
370 2428 426 2466 nou
440 2415 537 2486 potest
550 2427 567 2464 a
580 2407 757 2466 valetudine:
773 2407 813 2464 sio
824 2409 888 2474 hoc,
901 2409 938 2466 de
948 2428 1006 2486 quo
1016 2409 1167 2486 loquimur,

202 2497 345 2565 decorum,
361 2507 454 2558 totum
474 2497 545 2556 illud
559 2497 675 2574 quidem
688 2505 733 2554 est
746 2517 812 2554 cum
826 2498 930 2556 virtute
943 2500 1101 2566 confusum,
1115 2499 1169 2557 sed

202 2595 296 2646 mente
310 2596 340 2646 et
354 2588 523 2666 cogitatione
538 2587 731 2666 distinguitur.

151 2772 188 2825 10
242 2766 295 2824 Est
321 2774 417 2822 autem
444 2766 504 2824 eius
531 2766 684 2844 descriptio
711 2766 826 2844 duplen
875 2767 952 2824 Nam
979 2776 1009 2825 et
1034 2768 1168 2846 generale

202 2854 348 2932 quoddam
362 2854 496 2913 decorum
508 2855 698 2933 intelligimus,
713 2857 792 2933 quod
805 2858 835 2915 in
848 2858 922 2915 omni
943 2858 1091 2916 honestate
1105 2878 1166 2915 ver·

203 2952 298 3002 satur:
320 2952 349 3002 et
369 2944 445 3002 aliud
467 2945 532 3002 huic
553 2946 724 3022 subjectum,
739 2947 818 3024 quod
838 2948 962 3024 pertinet
980 2947 1018 3004 ad
1038 2949 1167 3026 singulas

152 3040 187 3092 11
203 3041 299 3111 partes
310 3034 473 3092 honestatis.
505 3035 604 3112 Atque
617 3035 688 3093 illud
703 3037 947 3113 superiuasictere
962 3037 1069 3094 definiri
1079 3038 1165 3096 solet:

203 3123 339 3180 decorum
358 3123 388 3180 id
408 3143 478 3190 esse,
493 3124 571 3200 quod
591 3133 812 3184 consentaneum
831 3126 868 3183 sit
888 3126 1008 3184 heminis
1029 3128 1166 3184 excellen-

203 3213 267 3280 tiae,
281 3213 309 3270 in
329 3231 372 3282 eo,
387 3213 416 3270 in
435 3233 493 3289 quo
513 3221 614 3270 natura
634 3215 697 3291 ejus
710 3233 729 3271 a
743 3216 857 3292 reliquis
876 3216 1064 3274 animantibus
1087 3216 1167 3274 diffe-

153 3309 189 3361 12
204 3310 262 3360 rat‘
292 3303 364 3371 Quae
380 3309 476 3360 autem
491 3321 557 3378 pars
570 3303 702 3380 subjecta
714 3305 812 3382 generi
825 3314 878 3374 est,
889 3325 953 3364 eam
966 3307 1006 3364 sic
1020 3306 1166 3374 definiunt,

203 3400 236 3450 ut
255 3393 285 3450 id
306 3393 442 3450 decorum
463 3392 550 3450 velint
570 3411 640 3460 esse,
655 3393 734 3469 quod
755 3393 795 3450 ita
815 3403 925 3453 naturae
947 3404 1168 3454 consentaneum

204 3483 248 3550 sit,
263 3491 297 3542 ut
309 3483 338 3540 iu
351 3502 386 3541 ιο
399 3481 555 3540 moderatio
574 3489 604 3540 et
623 3484 811 3560 temperantia
830 3493 968 3562 appareat
988 3504 1055 3543 cum
1074 3486 1168 3562 specie

10 3591 176 3690 s
204 3573 328 3672 quadam
348 3573 463 3634 liberali.
504 3571 646 3632 XXVIII.
669 3573 743 3632 Haeo
762 3575 802 3634 ita
821 3574 940 3652 intelligi
952 3594 1105 3652 possumus
1120 3593 1168 3676 en-

203 3669 327 3720 istimare
342 3681 377 3721 ex
391 3681 426 3722 eo
439 3663 553 3732 decoro,
568 3662 646 3741 quod
666 3672 761 3742 poeta
781 3672 957 3741 sequuntur:
978 3663 1016 3722 de
1035 3683 1093 3742 quc
1113 3664 1169 3723 aluo
