2692 4292
162 277 201 332 82
580 289 618 330 on
634 291 763 331 ormena

180 424 200 475 4
214 418 366 478 Africanus
380 419 466 476 nihilo
480 419 648 498 locupletior
660 419 837 498 Karthagine
857 439 963 479 eversa
1004 421 1107 490 Quid?
1134 421 1186 499 qui

214 509 276 586 ejus
298 510 409 587 collega
431 511 485 566 suit
504 510 532 568 in
553 529 680 578 censura,
695 511 727 567 L.
743 511 906 578 Mummius,
927 511 1065 588 numquid
1086 512 1183 589 copio-

214 598 277 666 sior,
288 618 353 656 eum
365 599 586 676 copiosissimam
601 601 702 658 urbem
715 600 844 658 funditus
858 601 1042 659 sustulisset?
1068 602 1183 659 Italiam

213 707 320 754 ornare,
336 707 422 764 quam
436 688 554 746 domum
573 709 662 756 suam,
678 689 784 748 maluit.
827 691 1007 767 Quamquam
1031 691 1115 748 Italia
1136 709 1183 748 or-

181 787 199 838 6
213 785 288 844 nata,
300 778 402 836 domus
415 779 477 856 ipsa
490 779 559 836 mihi
567 779 680 836 videtur
689 780 820 837 ornatior.
852 780 972 838 Nullum
985 781 1073 858 igitur
1082 781 1182 839 vitium

213 869 322 936 taetriue
336 876 380 926 est
402 866 503 947 (uteo,
519 868 595 926 unde
616 887 731 946 egressa
744 876 797 936 est,
812 869 918 927 referat
931 887 961 928 se
975 869 1080 945 oratio)
1094 889 1182 946 quam

212 958 337 1034 avaritie,
353 958 510 1035 praesertim
524 958 552 1015 in
566 958 740 1036 principibus
760 977 821 1016 rem
841 960 985 1036 publicam
998 960 1180 1038 gubernanti-

180 1048 275 1105 dbus.
317 1047 432 1104 Habere
446 1047 520 1104 enim
534 1049 656 1124 quaestui
670 1067 731 1106 rem
744 1048 889 1124 publicam
909 1068 967 1106 nou
987 1049 1074 1106 modo
1096 1057 1181 1126 turpe

181 1137 197 1194 'l
213 1145 264 1202 est,
280 1136 330 1194 sed
345 1137 514 1193 sceleratum
529 1137 614 1193 etiam
629 1145 659 1194 et
672 1138 819 1196 nefarium.
860 1140 963 1215 Itaque
981 1139 1059 1215 quod
1073 1139 1181 1214 Apollo

212 1225 334 1302 Pythius
349 1225 494 1282 oraculum
515 1226 612 1293 edidit,
628 1226 763 1304 Spartam
777 1227 855 1284 nulla
868 1246 899 1285 re
912 1228 975 1295 alia,
991 1227 1043 1284 nisi
1062 1228 1181 1284 avaritia

213 1333 275 1372 esse
299 1315 463 1391 perituram,
487 1315 517 1372 id
541 1316 659 1398 videtur·
677 1335 733 1373 non
757 1317 850 1374 solum
873 1317 1105 1384 Lacedaemoniis,
1127 1317 1180 1375 sed

180 1404 298 1462 Betim
313 1404 443 1462 omuibus
463 1405 603 1482 opulentis
624 1407 738 1483 populis
760 1407 931 1483 praedixisse.
974 1407 1061 1464 Nulla
1082 1415 1180 1464 autem

212 1511 242 1552 re
265 1494 412 1552 conciliare
435 1493 544 1552 facilius
566 1494 782 1552 benivolentiam
803 1495 992 1554 multitudinis
1012 1504 1132 1572 possunt
1151 1496 1179 1564 ii,

212 1583 260 1660 qui
274 1585 313 1642 rei
328 1584 450 1661 publieae
464 1592 599 1662 praesunt,
611 1603 699 1662 quam
712 1585 882 1644 abstinentia
895 1594 925 1642 et
938 1586 1117 1643 continentia.

179 1678 198 1731 9
253 1674 307 1744 Qui
328 1693 395 1732 vero
419 1693 449 1731 se
474 1673 625 1750 populares
649 1674 758 1742 volunt,
783 1676 821 1732 ob
846 1693 966 1751 eamque
989 1693 1104 1732 causam
1127 1682 1181 1734 aut

212 1763 352 1840 agrariam
366 1781 426 1820 rem
441 1771 559 1829 tentant,
576 1769 608 1819 ut
622 1781 799 1839 possessores
814 1764 956 1840 pellantur
975 1765 1034 1820 suis
1053 1765 1179 1832 sedibus,

212 1861 263 1908 aut
277 1852 410 1928 pecunias
425 1852 547 1910 creditas
560 1851 737 1910 debitoribus
750 1853 951 1911 condonandas
965 1861 1086 1930 putant:
1101 1855 1179 1912 labe·

213 1941 322 1998 iactant
343 1940 528 1998 fundamenta
541 1942 580 1998 rei
602 1942 743 2019 publicae;
765 1942 945 2000 concordiam
968 1944 1099 2020 primum,
1114 1963 1181 2020 quae

212 2049 274 2088 esse
296 2049 352 2086 non
374 2036 477 2107 potest,
493 2051 558 2088 cum
579 2031 639 2088 aliis
661 2032 832 2100 adimuntur,
847 2033 907 2090 aliis
921 2033 1116 2090 condonantur
1130 2053 1179 2110 pe-

213 2119 316 2184 ouniae;
332 2118 433 2176 deiude
449 2120 619 2196 aequitatem,
631 2140 697 2197 quoe
711 2122 818 2179 tollitur
828 2123 928 2190 omnis,
939 2123 963 2180 si
976 2123 1081 2180 habere
1095 2143 1180 2180 suum

162 2213 198 2266 10
213 2208 313 2285 cuique
328 2228 383 2266 non
397 2208 470 2268 licet.
506 2210 542 2267 Id
557 2211 629 2268 enim
644 2219 689 2268 est
703 2212 849 2288 proprium
865 2210 910 2290 (ut
929 2212 1098 2290 supradixi)
1114 2213 1179 2270 civi-

214 2298 280 2356 tatis
294 2307 380 2375 atque
394 2299 480 2365 urbis,
492 2307 524 2357 ut
535 2300 558 2356 si
572 2300 659 2358 libera
669 2308 699 2357 et
712 2319 769 2357 non
782 2302 901 2358 sollicita
914 2321 975 2358 suaa
988 2303 1028 2358 rei
1039 2303 1179 2380 cujusque

162 2392 196 2447 11
213 2388 349 2446 custodia,
392 2389 491 2465 Atque
513 2389 542 2447 in
562 2390 616 2446 hac
639 2389 760 2467 pernicie
780 2391 820 2447 rei
842 2391 965 2468 publicae
978 2411 1013 2448 ne
1027 2393 1104 2448 illam
1119 2391 1179 2469 qui-

162 2484 198 2537 12
214 2478 280 2536 dem
305 2486 525 2555 consequuntur,
547 2498 634 2555 quam
659 2487 770 2556 putant,
795 2481 925 2558 gratiam.
967 2481 1043 2538 Nam
1065 2469 1179 2538 buires

212 2577 311 2644 erepta
331 2577 383 2635 est,
405 2577 449 2626 est
470 2568 613 2626 inimicus:
636 2568 681 2626 oui
703 2570 771 2627 data
791 2579 844 2636 est,
859 2571 944 2626 etiam
966 2571 1132 2637 dissimulat,
1147 2589 1179 2627 se

212 2658 341 2734 accipere
365 2657 503 2714 voluisse:
525 2666 554 2715 et
576 2657 698 2714 maxime
719 2659 747 2715 in
769 2659 894 2736 pecuniis
917 2660 1029 2717 creditis
1052 2661 1179 2718 occultat

162 2750 296 2804 lacuum
317 2745 463 2823 gaudium,
484 2765 519 2804 ne
534 2747 663 2804 videatur
683 2767 739 2805 non
761 2747 848 2806 fuisse
869 2749 1013 2806 solvendo.
1054 2749 1097 2805 At
1111 2767 1178 2806 vero

211 2835 266 2901 ille,
281 2835 329 2910 qui
344 2835 454 2911 accepit
472 2835 611 2911 injuriam,
626 2844 656 2894 et
669 2837 804 2905 meminit,
819 2845 849 2894 et
863 2857 924 2914 prae
937 2857 968 2896 ae
982 2839 1037 2895 fert
1050 2838 1179 2896 dolorem

212 2942 311 2980 suum:
333 2943 394 2990 nec,
420 2924 443 2980 si
467 2924 564 3000 plures
588 2933 654 2983 sunt
677 2925 703 2993 ii,
728 2927 831 3002 quibus
854 2926 984 3003 improbe
1004 2927 1103 2983 datum
1123 2934 1177 2997 est,

213 3031 298 3089 quam
321 3011 368 3078 illi,
385 3013 487 3088 quibus
509 3013 613 3090 injuste
634 3015 800 3091 ademptum
814 3021 866 3081 est,
881 3016 986 3072 idcirco
1006 3015 1071 3092 plus
1092 3017 1179 3075 etiarn

214 3100 314 3158 valent.
357 3100 422 3158 Nou
446 3102 520 3160 enim
545 3121 662 3160 numero
687 3103 749 3160 haec
771 3104 944 3181 judicantur,
967 3105 1019 3162 sed
1042 3105 1176 3181 pondere.

162 3198 197 3252 14
213 3193 305 3261 Quam
326 3199 422 3248 autem
446 3192 534 3250 habet
557 3193 730 3269 equitatem,
745 3203 893 3272 ntegrum
912 3195 1009 3252 multis
1024 3195 1111 3261 annis,
1126 3203 1179 3254 aut

213 3282 297 3340 etiarn
319 3279 437 3345 saeculis,
453 3290 519 3337 ante
542 3300 713 3356 possessum,
729 3283 778 3358 qui
798 3284 907 3340 nullum
928 3283 1036 3350 habuit,
1050 3283 1176 3342 habeat:

213 3372 261 3449 qui
275 3379 370 3427 autem
385 3369 493 3435 habuit,
508 3370 642 3426 amittat?
676 3371 788 3428 XXIII.
808 3373 854 3430 Ac
868 3380 987 3448 propter
1000 3372 1054 3429 hoe
1068 3371 1178 3449 injuriae
1213 3433 1217 3438 ,

211 3481 302 3541 genus
316 3457 523 3517 Lacedaemonii
537 3458 717 3534 Lysandrum
731 3461 871 3535 ephorum
890 3461 1077 3538 expulenmt;
1098 3461 1179 3539 Agin

211 3569 317 3628 regem,
329 3549 405 3626 quod
420 3567 566 3625 nunquam
580 3557 662 3604 autea
675 3549 753 3624 apud
768 3569 818 3606 eos
831 3550 982 3615 acciderat,
994 3557 1176 3608 necaverunt.

178 3639 314 3716 2Exque
333 3657 368 3697 oo
389 3646 517 3716 tempore
538 3645 626 3696 tantae
646 3637 796 3696 discordia
814 3647 923 3696 secuto)
942 3645 1017 3706 sunt,
1032 3645 1110 3695 utet
1128 3646 1177 3716 ty·
