2692 4292
526 323 612 362 arsen
632 323 676 364 111.
718 323 784 363 our.
807 325 867 364 xm
1147 309 1205 366 107

185 449 240 508 bus
254 451 309 508 hoc
323 450 387 508 loeo
401 451 596 508 disserendum
610 462 671 510 est:
693 453 742 530 qui
755 471 811 510 non
825 451 919 511 rubis
932 461 999 510 sunt
1011 461 1042 510 et
1054 453 1152 530 dispu-

185 540 292 598 tatione
306 541 549 616 philosophorum,
565 542 615 598 sed
629 543 727 599 vinclis
739 550 770 599 et
783 561 896 600 carcere
909 543 1056 620 fatigandi
1091 542 1151 600 Sed

184 629 248 688 haec
263 630 482 696 consideremus,
493 649 558 705 que
572 629 680 688 faciunt
688 632 715 697 ii,
726 632 776 708 qui
790 632 932 689 habentur
945 633 1019 690 boni.
1054 633 1088 690 L.
1098 632 1150 688 Mi·
1165 638 1183 690 θ

184 719 259 776 nucii
273 719 365 784 Basili,
381 719 531 795 locupletis
546 720 675 787 hominis,
689 720 793 777 salsum
813 727 1015 778 testamentum
1034 721 1151 798 quidem

185 827 200 866 e
217 809 328 865 Gracia
341 809 460 866 Romam
475 808 640 868 attulerunt.
682 809 767 877 Quod
781 827 839 885 quo
852 809 962 866 facilius
981 811 1149 877 obtinerent,
1164 814 1183 868 4

183 897 357 974 scripserunt
380 897 499 954 heredes
521 916 618 954 secum
641 897 681 954 M.
697 899 835 955 Crassum
855 905 886 954 et
905 899 939 966 Q,
956 898 1149 966 Hortensium,

183 986 313 1044 homines
323 986 452 1064 ejusdem
464 987 555 1043 aetatis
570 987 780 1064 potentissimos
792 1005 798 1044 :
820 987 877 1064 qui,
888 1006 955 1044 oum
964 987 1034 1044 illud
1045 989 1149 1046 falsum

183 1095 247 1134 esse
261 1077 479 1152 suspicarentur,
496 1076 547 1132 sibi
567 1083 664 1134 autem
686 1077 790 1134 nullius
811 1083 907 1132 essent
927 1075 1031 1134 conscii
1044 1077 1149 1153 culpae,

182 1166 266 1226 alieni
279 1165 408 1222 facinoris
418 1165 620 1222 munusculum
634 1185 691 1222 non
704 1165 933 1241 repudiaverunt.
968 1166 1044 1234 Quid
1058 1166 1150 1244 ergo?
1164 1174 1183 1226 ὅ

183 1254 267 1312 setin’
278 1263 323 1312 est
336 1256 399 1321 hoc,
408 1261 441 1310 ut
453 1273 510 1311 non
524 1253 675 1331 deliquisse
685 1254 856 1312 rideantur?
891 1253 961 1312 Mihi
969 1253 1084 1331 quidem
1094 1273 1151 1312 nou

183 1345 314 1403 videtur:
333 1363 508 1420 quemquem
527 1344 648 1400 alterum
662 1343 758 1400 vivum
779 1343 880 1408 amavi,
896 1344 1018 1400 alterum
1031 1363 1089 1401 non
1102 1343 1152 1404 odi

183 1441 336 1492 mortuum.
378 1433 436 1490 Sed
458 1453 523 1490 cum
538 1433 649 1490 Basilus
663 1432 702 1489 M.
718 1432 853 1497 Satrium,
872 1432 975 1489 sororis
988 1433 1085 1499 filium,
1100 1452 1149 1490 no·
1164 1439 1183 1494 6

182 1542 250 1581 men
270 1543 354 1580 suum
374 1523 447 1579 ferre
468 1523 611 1587 voluisset,
627 1541 750 1597 eumque
773 1521 888 1578 iecisset
909 1521 1046 1578 heredem
1061 1521 1150 1599 (huno

183 1612 248 1670 dico
262 1619 411 1688 patronum
431 1612 493 1688 agri
507 1612 603 1668 Piceni
623 1618 653 1668 et
674 1611 787 1667 Sabini:
809 1629 827 1667 o
841 1617 956 1686 turpem
969 1616 1066 1666 uotam
1079 1617 1152 1667 tem·

183 1721 286 1780 porum
296 1702 407 1758 illorum
417 1701 436 1778 1)
448 1721 516 1758 num
526 1708 587 1758 erat
599 1719 721 1777 aequum,
732 1699 873 1776 principes
882 1699 952 1756 civis
960 1717 1021 1755 rem
1032 1699 1150 1766 habere,
1202 1763 1208 1774 ,

181 1792 221 1849 ed
239 1791 362 1848 Satrium
377 1791 445 1848 nihil
461 1797 567 1866 prester
577 1807 680 1846 nomen
691 1790 861 1867 perveniret
901 1788 1014 1846 Etenim
1025 1788 1091 1854 siis,
1103 1788 1152 1865 qui
1167 1788 1184 1847 't

181 1899 241 1938 non
255 1881 381 1938 defendit
400 1879 539 1957 injuriam,
554 1897 646 1955 neque
667 1879 826 1956 propulsat,
841 1899 908 1936 cum
927 1885 1031 1955 potest,
1046 1878 1151 1955 injuste

182 1971 258 2038 fucit,
273 1971 349 2027 utin
363 1969 454 2046 primo
474 1969 545 2026 libro
566 1968 701 2035 disserui;
722 1969 813 2045 qualis
834 1969 984 2026 habendus
998 1968 1088 2036 estis,
1103 1968 1152 2046 qui

182 2079 240 2118 non
262 2060 348 2118 modo
368 2077 424 2115 non
446 2058 566 2134 repellit,
582 2057 633 2114 sed
647 2058 733 2114 etium
746 2057 866 2135 adjuvat
885 2057 1039 2135 injuriam?
1081 2057 1184 2118 Mihi8

182 2150 298 2228 quidem
323 2149 408 2206 etiam
433 2165 507 2204 verse
530 2147 703 2204 hereditates
726 2165 783 2204 non
808 2147 938 2206 honestae
962 2148 1103 2215 videntur,
1125 2147 1150 2206 si

180 2247 250 2298 sunt
270 2237 416 2296 malitiosis
434 2235 584 2302 blanditiis,
600 2237 756 2294 officiorum
776 2255 832 2293 non
852 2237 971 2294 veritate
991 2239 1043 2295 sed
1063 2237 1151 2294 simu·

181 2329 294 2394 latione,
312 2327 451 2404 quaesitae.
493 2326 584 2404 Atqui
603 2326 630 2382 in
644 2325 750 2382 talibus
771 2326 857 2382 rebus
876 2325 955 2382 aliud
975 2325 1045 2383 utile
1065 2326 1184 2384 inter-c

182 2419 262 2485 dum,
277 2416 353 2474 eliud
368 2417 520 2474 honestum
535 2415 623 2472 videri
638 2416 718 2472 solet.
761 2414 854 2470 Falso.
897 2413 972 2470 Nam
985 2414 1086 2470 eadem
1096 2413 1151 2472 uti·

182 2508 279 2573 litatis,
295 2522 361 2582 quse
376 2505 540 2571 honestatis,
556 2511 601 2561 est
614 2504 721 2580 regula.
764 2502 820 2570 Qui
837 2502 893 2558 hoo
913 2519 969 2558 non
990 2501 1151 2578 perviderit,
1167 2506 1206 2559 10

183 2597 221 2653 ab
235 2597 290 2653 hoo
300 2595 378 2652 nulla
390 2596 469 2652 fraus
479 2595 578 2660 aberit,
588 2593 700 2650 nullum
709 2591 826 2648 facinus.
861 2590 909 2647 Sic
919 2590 993 2648 enim
1005 2591 1150 2667 cogitans:
1168 2595 1203 2648 11

187 2685 243 2742 Est
261 2686 332 2741 istuc
345 2686 455 2759 quidem
476 2685 626 2748 honestum,
642 2701 738 2738 oerum
751 2681 800 2738 tec
812 2680 939 2754 expedi&
961 2699 1007 2736 res
1020 2699 1038 2736 a
1050 2685 1154 2736 nutura

186 2775 333 2852 copulatus
354 2774 471 2832 audebit
494 2791 588 2830 errore
611 2772 761 2839 divellere;
793 2771 841 2848 qui
864 2771 928 2827 fons
947 2768 1152 2837 estlraudium,

185 2864 395 2930 maleficiorum,
410 2863 548 2932 scelerum
562 2862 697 2920 omnium.

226 3044 304 3100 XIX.
327 3045 428 3121 Itaque
447 3042 470 3100 si
490 3042 641 3099 virbonus
662 3041 768 3099 habeat
789 3042 861 3098 hanc
876 3040 942 3106 vim,
957 3047 1000 3107 ut,
1019 3041 1043 3097 si
1057 3039 1153 3118 digitis

186 3133 390 3210 concrepuerit,
413 3133 503 3209 possit
522 3133 551 3189 in
571 3130 756 3207 locupletium
777 3137 949 3187 testamento
968 3148 1071 3186 nomen
1091 3130 1154 3207 ejus

186 3224 318 3300 irrepere,
334 3223 388 3280 heo
402 3223 430 3279 vi
443 3241 498 3280 non
512 3227 618 3288 utatur,
630 3239 665 3276 ne
679 3221 703 3277 si
716 3221 898 3296 exploratum
910 3219 1026 3295 quidem
1039 3220 1153 3284 habeat,

186 3313 216 3371 id
238 3313 350 3370 omnino
368 3313 507 3370 neminem
526 3329 653 3387 unquam
667 3309 886 3386 suspicaturum.
928 3309 971 3364 At
984 3308 1067 3365 dares
1080 3307 1187 3364 henot

187 3403 245 3460 vim
266 3402 305 3459 M.
322 3402 434 3467 Crasso,
449 3408 481 3458 ut
496 3401 649 3478 digitorum
671 3399 851 3476 percussione
873 3398 954 3454 heres
973 3401 1071 3470 posset
1089 3394 1155 3450 scri·

188 3501 256 3572 ptus
277 3508 348 3558 esse,
363 3491 411 3566 qui
431 3509 463 3547 re
476 3509 542 3546 vera
556 3509 611 3547 non
630 3496 706 3547 esset
726 3490 829 3554 heres;
849 3487 878 3543 in
892 3486 962 3548 loro,
978 3483 1062 3539 crede
1075 3480 1154 3547 mihi,

188 3583 314 3641 saltaret.
356 3581 452 3636 Homo
472 3587 567 3637 autern
586 3581 690 3657 justus,
706 3579 787 3654 isque
807 3593 893 3650 quem
914 3569 1050 3628 sentimus
1064 3569 1188 3627 rirumtl

189 3674 306 3738 bonum,
318 3670 386 3730 nihil
401 3669 541 3746 cuiquam,
556 3669 633 3746 quod
647 3670 676 3726 in
688 3686 721 3725 se
734 3665 894 3770 transferet,
908 3659 1050 3724 demebat.
1092 3658 1156 3718 Heu
