2692 4292
529 361 614 400 mans
628 361 671 400 111.
705 361 780 400 car.
795 363 823 401 x.
1144 342 1184 404 97

162 490 190 549 si
202 491 308 551 habeat
322 490 443 566 sapiens,
458 489 542 546 nihilo
557 489 622 566 plus
643 489 697 546 sibi
709 490 792 548 licere
807 496 891 566 putet
903 508 1030 565 peccare,
1045 507 1134 566 quam

164 580 259 636 sinon
272 581 398 636 haberet.
441 579 568 636 Honesta
582 579 656 634 enim
676 579 756 636 bonis
770 579 844 645 viris,
858 598 914 635 non
928 579 1040 636 occulta
1054 597 1131 654 quas·

164 677 273 724 runtur.
315 669 414 743 Atque
429 668 482 724 hoc
497 667 559 724 loco
573 667 735 743 philosophi
747 667 872 743 qnidam,
886 667 999 723 minime
1013 667 1078 723 mali
1091 667 1132 724 illi
1146 674 1164 726 5

165 757 289 833 quidem,
299 756 350 812 sed
364 775 420 812 non
433 756 500 812 satis
515 756 600 822 acuti,
613 757 709 812 fictam
723 764 753 812 et
767 756 992 812 commenticiam
1005 756 1132 813 fabulam

165 846 308 922 prolatam
332 845 429 902 dicunt
451 857 477 900 a·
490 845 626 901 Platone:
649 845 731 920 qnasi
743 863 811 901 vero
831 844 886 911 ille,
896 851 953 901 aut
971 845 1081 901 sactum
1102 843 1132 901 id

166 953 238 1001 esse,
253 942 303 990 aut
321 933 380 990 fieri
402 933 528 1011 potuisse
550 933 695 990 defendat.
737 933 811 989 Haec
832 941 877 989 est
890 933 932 989 vis
952 933 1039 1009 hujus
1057 933 1165 990 anulid

166 1030 197 1080 et
218 1023 305 1099 hujus
326 1023 457 1098 exempli,
478 1022 605 1078 sinemo
627 1021 759 1087 sciturus,
778 1040 862 1078 nemo
882 1039 918 1077 ne
938 1022 1133 1097 suspicaturus

165 1110 283 1188 quidem
302 1111 346 1177 sit,
367 1130 431 1167 cum
454 1110 560 1186 aliquid
583 1110 751 1176 dividunum,
767 1111 910 1187 potentiae,
926 1111 1132 1177 dominationis,

165 1199 288 1259 libidinis
310 1217 395 1257 causa
416 1199 563 1264 fecerissi
583 1199 612 1256 id
633 1198 686 1255 diis
708 1199 926 1276 hominibusque
947 1200 1077 1257 futurum
1096 1200 1134 1256 sit

166 1287 652 1365 semperignotum,sisnefacturus.
680 1288 798 1365 Negant
806 1289 835 1346 id
844 1289 904 1346 fieri
914 1307 1005 1365 posse.
1027 1288 1165 1357 Quam-⁵1

167 1397 254 1454 quam
275 1384 370 1454 potest
383 1375 412 1433 id
427 1375 557 1452 quidem:
579 1375 630 1432 sed
651 1395 757 1452 quaero,
771 1377 849 1454 qnod
870 1385 978 1454 negant
996 1397 1088 1454 posse,
1103 1377 1133 1434 id

168 1467 193 1524 si
206 1473 311 1542 posset,
326 1464 463 1541 quidnam
475 1465 624 1522 facerent?
666 1465 779 1543 Urgent
798 1467 903 1522 rustice
917 1485 1004 1524 sane:
1025 1474 1133 1544 negant
1148 1473 1166 1526 8

167 1556 243 1612 enim
256 1573 348 1631 posse,
364 1561 394 1611 et
406 1554 434 1624 in
448 1573 481 1611 eo
495 1561 631 1631 perstant
673 1554 737 1611 Hoc
751 1555 869 1612 verbum
879 1554 947 1631 quid
961 1555 1062 1621 valeat,
1076 1574 1133 1612 non

167 1643 272 1702 rident.
315 1643 389 1701 Oum
402 1643 475 1700 enim
497 1642 658 1719 quaerimns,
674 1644 699 1699 si
712 1645 803 1701 celare
818 1643 935 1721 possint,
949 1642 1018 1719 quid
1031 1643 1134 1701 facturi
1148 1650 1166 1704 9

168 1733 232 1800 sint,
242 1751 298 1789 non
312 1732 473 1808 quaen'mus,
483 1731 627 1809 possintne
642 1732 752 1798 celare;
766 1732 818 1790 sed
832 1740 979 1808 tamquam
993 1738 1135 1790 tormenta

168 1821 303 1898 quiedam
323 1821 498 1888 adhibemus,
513 1828 554 1887 ut,
570 1821 594 1878 si
606 1820 814 1898 responderint,
828 1839 868 1889 se,
883 1821 1053 1900 impunitate
1068 1841 1132 1899 pro·

169 1911 269 1988 posita,
283 1912 408 1968 factums
421 1909 499 1987 quod
512 1910 654 1986 expediat,
665 1911 838 1968 facinorosos
852 1931 884 1968 se
897 1930 960 1968 esse
973 1912 1132 1969 fateantur:

169 1999 193 2057 si
206 2007 319 2077 negent,
334 1999 427 2058 omnia
441 1999 535 2076 turpia
549 2018 601 2077 per
614 2019 644 2056 se
658 1999 721 2077 ipsa
740 2001 877 2079 fugienda
890 2020 952 2060 esse
966 2001 1132 2060 concedant.

169 2089 229 2148 Sed
241 2090 301 2168 jam
315 2090 353 2147 ad
367 2089 545 2167 propositum
558 2095 743 2148 revertamur.

209 2267 245 2326 X
267 2268 399 2326 Incidunt
421 2267 521 2324 multae
538 2286 615 2344 saepe
630 2287 733 2335 causae,
748 2287 815 2345 quaa
835 2271 1005 2328 conturbent
1025 2270 1133 2328 animos

169 2357 297 2415 utilitatis
310 2357 420 2433 specie;
443 2376 509 2423 non,
529 2376 594 2414 cum
608 2358 662 2414 hoo
677 2357 857 2425 deliberetur,
871 2358 1088 2434 relinquendane
1098 2361 1136 2418 sit

169 2445 302 2502 honestas
317 2452 433 2522 propter
442 2445 570 2502 utilitatis
584 2446 808 2522 magnitudinem
820 2445 899 2523 (nam
909 2447 941 2505 id
955 2446 1070 2522 quidem
1083 2448 1134 2504 im-

167 2534 292 2610 probum
305 2532 362 2611 est)
376 2533 427 2591 sed
448 2533 527 2599 illud,
543 2533 668 2610 possitne
689 2534 727 2600 id,
742 2534 820 2610 quod
834 2535 902 2590 utile
917 2535 1054 2600 videatur,
1076 2535 1135 2593 fieri

169 2641 227 2679 non
240 2623 369 2699 turpiter.
412 2623 486 2679 Cum
496 2621 636 2678 Collatino
647 2623 765 2699 collagae
776 2623 882 2679 Brutus
892 2623 1040 2700 imperium
1052 2624 1133 2681 abro
1149 2630 1167 2682 2

170 2712 268 2788 gabat,
284 2717 396 2788 poterat
410 2711 497 2768 videri
510 2711 604 2768 facere
618 2711 729 2788 injuste.
770 2712 877 2769 Fuerat
890 2711 965 2770 enim
977 2711 1006 2769 in
1018 2712 1134 2790 regibus

170 2801 344 2877 expellendis
357 2800 449 2858 socius
463 2800 545 2857 Bruti
558 2801 737 2858 consiliorum
747 2807 777 2857 et
789 2800 912 2877 adjutor.
952 2802 1029 2858 Cum
1038 2809 1134 2858 autem

171 2890 316 2948 consilium
330 2890 384 2946 hoc
398 2889 540 2967 principes
560 2889 711 2965 cepissent,
731 2889 928 2967 cognationem
942 2890 1065 2968 Superbi
1084 2909 1133 2948 no·

169 2997 292 3054 rnenque
308 2978 523 3060 Tarquiniorum
543 2985 573 3035 et
593 2978 757 3036 memoriam
777 2979 859 3056 regni
879 2999 942 3037 esse
961 2980 1132 3038 tollendam:

169 3068 248 3144 quod
268 3074 328 3124 erat
351 3067 428 3134 utile,
445 3068 544 3144 patriae
566 3068 719 3136 consulere,
734 3070 766 3126 id
786 3076 847 3131 erat
866 3068 907 3126 ita
927 3070 1085 3138 honestum,
1100 3077 1134 3128 ut

170 3157 255 3214 etiam
267 3156 320 3234 ipsi
336 3156 479 3214 Collatino
500 3156 612 3234 placere
633 3158 770 3225 deberet„
800 3160 903 3236 Itaque
922 3160 1028 3218 utilitas
1045 3160 1166 3218 valrdt8

170 3253 295 3324 propter
307 3247 496 3311 honestatem,
519 3245 578 3304 sine
600 3265 657 3323 qua
680 3267 716 3304 ne
735 3247 842 3304 utilitas
863 3248 1062 3325 quidem-csse
1082 3268 1133 3326 po·

168 3335 277 3394 tuisset.
318 3335 361 3392 At
374 3335 403 3392 in
413 3354 447 3392 co
461 3352 538 3412 rege,
553 3335 601 3411 qui
614 3336 715 3393 urbem
729 3336 863 3404 condidit,
874 3357 931 3395 non
943 3338 1019 3394 item.
1061 3337 1132 3412 Spe·
1147 3340 1166 3392 4

170 3424 227 3481 cies
241 3425 314 3482 enim
323 3424 453 3482 utilitatis
467 3424 592 3483 animum
602 3425 711 3503 pepulit
719 3426 782 3503 ejus
794 3445 800 3483 z
822 3426 867 3484 cui
881 3446 947 3484 cum
957 3426 1048 3482 visum
1058 3430 1135 3480 esset

169 3513 274 3581 utilius,
289 3514 390 3592 solnm,
406 3531 492 3590 quam
513 3535 579 3572 cum
593 3515 683 3572 altero
703 3534 830 3593 regnare,
845 3515 963 3571 fratrem
982 3510 1132 3569 interemit.

170 3601 273 3660 Omisit
292 3603 338 3660 hic
359 3610 388 3660 et
409 3603 545 3679 pietatem
566 3611 595 3660 et
615 3605 827 3670 humanitatem,
851 3610 885 3658 ut
906 3602 945 3668 id,
965 3599 1045 3677 qnod
1064 3599 1168 3658 utiled

169 3690 327 3762 videbatur,
337 3710 429 3775 neque
443 3699 512 3760 erat,
523 3693 635 3775 assequi
649 3700 762 3769 posset:
784 3696 918 3748 ettamen
931 3689 1005 3746 muri
1018 3705 1135 3751 calisam

655 3788 672 3840 9
