2692 4292
169 310 208 365 dt
584 323 622 364 nr
643 323 773 364 ommis

190 461 207 512 5
222 451 316 512 Malus
330 453 404 510 enim
418 459 463 510 est
476 459 572 510 custos
586 452 777 510 diuturnitatis
789 459 893 520 metus,
907 458 1061 528 contraque
1074 451 1189 510 benivo-

189 547 207 600 θ
221 542 306 600 lentis
319 542 409 600 fidelis
423 542 467 598 vel
481 541 518 599 ad
534 542 761 618 perpetuitatem
802 541 862 599 Sed
875 542 917 608 iis,
931 541 981 617 qui
994 542 1022 598 vi
1035 560 1188 619 oppressos

221 631 340 707 imperio
360 639 500 697 ouercam,
515 632 552 688 sit
565 650 633 688 sane
654 631 817 688 adhibenda
837 631 956 697 saevitia,
971 639 1004 687 ut
1017 630 1092 688 heris
1105 631 1135 687 in
1146 630 1189 686 ia·

189 719 206 778 ’1
221 721 322 786 mulos,
338 721 361 778 si
375 721 457 778 aliter
474 721 563 778 tenen'
582 739 638 777 non
659 728 787 797 possunt
828 720 885 788 Qui
897 739 966 777 vero
978 720 1007 776 in
1020 721 1110 776 libera
1123 718 1188 776 civi·

221 819 281 866 tate
296 810 335 866 ita
349 829 380 866 se
394 810 545 876 instruunt,
561 818 594 868 ut
607 817 779 876 metuantur,
794 809 838 866 hia
851 809 920 866 nibil
940 816 1036 885 potest
1055 827 1119 865 esse
1139 809 1189 867 dc·

189 905 207 956 8
221 899 351 957 mentius.
393 900 527 968 Quamvis
541 899 615 956 enim
628 899 685 956 sint
697 898 835 956 demersa
848 899 928 976 leges
940 898 1061 975 alicujus
1075 899 1188 975 opibus,

220 989 349 1064 quamvis
372 989 515 1048 immnuta
537 989 660 1054 libertas,
676 996 828 1065 emergunt
840 995 937 1046 tamen
951 988 1016 1046 haec
1036 987 1188 1063 aliquando

139 1095 142 1102 ·
189 1082 206 1134 9
221 1086 272 1135 aut
283 1078 395 1155 judiciis
409 1079 509 1144 tacitis,
521 1085 572 1135 aut
582 1078 700 1136 occultis
710 1076 746 1134 de
756 1078 863 1134 honore
873 1077 1024 1155 suffragiis.
1053 1076 1189 1133 Acriores

222 1176 319 1224 autem
346 1185 456 1224 memus
483 1175 549 1224 sunt
576 1167 742 1224 intermissas
769 1166 914 1232 libertatis,
941 1185 1029 1243 quam
1061 1172 1188 1222 retentae.

170 1259 207 1312 10
222 1254 306 1324 Quod
319 1255 406 1332 igitur
427 1256 562 1314 latissIme
582 1263 670 1335 patet,
685 1273 778 1331 neque
791 1256 829 1312 ad
841 1255 1065 1312 incolumitatem
1085 1255 1188 1321 solum,

221 1343 272 1400 sed
291 1345 375 1402 etiam
397 1345 434 1401 sd
455 1363 525 1421 opes
545 1353 575 1402 et
595 1345 751 1422 potentiam
766 1345 842 1402 valet
861 1343 1023 1422 plurimum,
1037 1344 1067 1401 id
1081 1344 1190 1419 ample·

221 1440 340 1501 ctamur,
356 1441 388 1492 ut
402 1441 495 1492 metus
508 1433 590 1500 absit,
606 1434 709 1492 caritas
722 1434 892 1492 retineatur:
913 1434 954 1490 ita
966 1433 1106 1498 facillime,
1121 1451 1189 1508 quas

222 1523 357 1590 volemus,
373 1531 402 1580 et
416 1524 531 1600 privatis
545 1523 573 1580 in
587 1524 682 1590 rebus,
696 1524 768 1580 etin
787 1543 818 1580 re
841 1522 955 1600 publica
975 1540 1189 1598 consequemur.

170 1617 205 1670 ll
221 1612 341 1680 Etenim,
363 1614 412 1690 qui
433 1631 464 1670 se
486 1613 575 1670 metui
593 1613 697 1679 volent,
719 1632 737 1670 a
757 1614 860 1689 quibus
882 1619 1052 1678 metuantur,
1073 1612 1192 1668 eosdem

171 1705 206 1758 12
221 1710 350 1760 metuant
363 1703 415 1779 ipsi
436 1721 549 1760 necesse
571 1710 622 1759 est.
665 1702 742 1771 Quid
755 1703 829 1758 enim
842 1719 999 1767 censemus,
1015 1701 1191 1776 superiorem

220 1789 299 1847 illum
314 1791 490 1867 Dionysium,
505 1811 562 1868 quo
580 1792 708 1849 cruciatu
722 1791 829 1848 timoris
848 1791 916 1868 angi
928 1791 1053 1856 solitum,
1067 1790 1117 1865 qui
1130 1789 1191 1846 cnl-

223 1889 282 1938 tros
297 1889 426 1936 metuens
439 1882 586 1947 tonsorios,
597 1881 736 1938 candente
749 1882 872 1940 carbone
885 1880 938 1938 sibi
948 1879 1089 1937 adurebat
1102 1879 1191 1954 capil-

170 1978 206 2030 13
222 1969 304 2030 lum?
326 1969 425 2037 Quid?
446 1970 641 2027 Alexandrum
653 1971 815 2036 Pheraeum,
826 1989 884 2046 quo
897 1969 991 2026 animo
1001 1969 1103 2026 vixisse
1116 1967 1191 2025 arbi·
1237 2000 1240 2006 ,
1329 2000 1330 2027 ι

220 2059 351 2116 tramur‘l
373 2059 430 2134 qui,
445 2066 477 2116 ut
491 2060 628 2136 scriptum
647 2060 778 2137 legimus,
792 2079 858 2117 cum
879 2077 996 2117 uxorem
1009 2057 1126 2117 Theben
1139 2057 1191 2114 ad-

220 2149 338 2206 modum
360 2148 498 2226 diligeret,
513 2156 608 2206 tamen
628 2150 665 2206 ad
686 2168 750 2206 eam
768 2168 803 2206 ex
817 2150 909 2226 epulis
923 2149 951 2206 in
965 2148 1128 2207 cubiculum
1142 2165 1190 2204 ve-

221 2239 308 2305 niens,
325 2239 484 2305 barbarum,
500 2245 529 2296 et
542 2258 607 2295 eum
627 2237 750 2316 quidem,
772 2246 805 2296 ut
826 2240 964 2315 scriptum
984 2245 1037 2304 est,
1053 2257 1191 2313 compun-

221 2337 299 2386 ctum
321 2328 394 2384 notis
416 2326 549 2394 Thraciis,
565 2328 701 2385 destricto
720 2329 817 2406 gladic
837 2329 958 2405 jubebat
970 2328 1095 2384 anteire:
1117 2345 1190 2402 prae·

221 2419 407 2494 mittebatque
416 2419 452 2475 de
461 2418 643 2494 stipatoribus
657 2418 725 2484 suis,
735 2418 783 2494 qui
797 2424 989 2475 scrutarentur
1002 2416 1114 2474 arculas
1126 2435 1190 2472 mu·

220 2508 329 2574 liebres,
347 2515 384 2574 et,
400 2526 436 2564 ne
450 2507 532 2584 quod
541 2508 570 2564 in
583 2507 757 2564 vestimentis
777 2507 867 2564 telum
880 2507 1078 2572 occultaretur,
1093 2505 1190 2580 exqui-

170 2603 207 2655 14
222 2606 323 2656 nerent.
355 2597 534 2663 Omiseram,
545 2597 594 2672 qui
607 2597 762 2654 fideliorem
772 2604 802 2653 et
811 2597 962 2654 barbarum
974 2602 1004 2652 et
1017 2595 1191 2672 stigmatiam

222 2694 343 2763 putaret,
355 2705 441 2761 qnam
456 2686 625 2763 conjugem!
655 2687 718 2744 Nec
732 2705 798 2743 eum
812 2685 919 2743 fefellit
954 2685 1103 2743 Abeacst
1115 2683 1190 2740 enim

171 2781 207 2834 15
222 2776 284 2852 ipsa
295 2783 411 2850 propter
422 2774 569 2850 pellicatus
579 2776 767 2852 suspicionem
780 2776 953 2834 interiectus.
985 2774 1047 2831 Nec
1056 2791 1123 2830 vero
1131 2773 1190 2828 ulla

223 2863 263 2920 vis
277 2863 385 2939 imperii
406 2870 487 2920 tanta
509 2871 560 2930 est,
581 2883 654 2940 quae,
669 2871 816 2942 premente
835 2872 923 2930 metu,
939 2863 1028 2940 possit
1047 2881 1110 2920 esse
1127 2862 1189 2918 diu·

172 2959 314 3011 laterna.
356 2951 445 3010 Testis
466 2959 510 3010 est
529 2952 667 3021 Phalaris,
684 2955 767 3031 cnjus
781 2963 826 3012 est
839 2960 946 3031 praeter
962 2959 1072 3010 ceteros
1091 2951 1189 3008 nobili·

223 3049 283 3098 tate
297 3041 461 3100 crudelitas:
483 3041 532 3118 qui
545 3061 602 3100 non
615 3061 650 3100 ex
664 3043 769 3100 insidiis
783 3043 896 3110 interiit,
910 3050 943 3099 ιιι
956 3042 988 3107 is,
1004 3059 1090 3118 quem
1104 3039 1190 3097 modo

223 3129 288 3197 dixi,
303 3130 474 3198 Alexander,
490 3149 546 3188 non
559 3151 577 3188 a
591 3132 699 3208 paucis
707 3139 741 3189 ut
751 3132 796 3190 bic
807 3139 911 3198 noster,
921 3130 973 3188 sed
986 3130 1015 3187 in
1028 3149 1115 3206 quem
1129 3128 1188 3186 uni-

173 3219 209 3280 1'1
223 3237 306 3277 versa
319 3218 571 3296 Agrigentinorum
587 3221 741 3279 multitudo
752 3222 893 3298 impetum
903 3220 978 3278 fecit.
1010 3218 1107 3287 Quid?
1128 3219 1188 3274 Ma·

224 3308 344 3366 cedones
354 3327 445 3366 nonne
456 3311 633 3368 Demetrium
647 3312 830 3387 reliquerunt,
838 3310 1017 3386 universique
1027 3326 1057 3366 se
1068 3308 1106 3365 ad
1116 3307 1188 3384 Pyr·

223 3398 307 3455 rhum
317 3397 517 3457 contulerunt?
539 3400 638 3468 Quid?
659 3400 891 3458 Lacedaemonios
902 3399 1007 3476 injuste
1016 3397 1190 3474 imperantes

223 3505 314 3544 nonne
336 3493 452 3563 repente
473 3506 571 3546 omnes
590 3489 650 3546 iere
664 3488 732 3545 socii
745 3488 940 3553 deseruerunt,
955 3494 1190 3563 spectatoresque

224 3593 254 3630 se
264 3574 369 3630 otiosos
379 3575 564 3650 praebuerunt
574 3576 731 3632 Leuctricae
740 3577 930 3634 calamitatis?
965 3576 1050 3633 VIII.
1065 3575 1190 3632 Externa

192 3667 211 3718 2
223 3659 355 3720 libentius
367 3662 396 3718 in
408 3662 459 3720 tali
470 3680 510 3730 re,
523 3681 610 3738 qnam
623 3662 788 3732 domestica,
800 3665 944 3725 recordor.
974 3665 1189 3732 Verumtamen,
