<?xml version="1.0" encoding="UTF-8"?>
<!DOCTYPE html PUBLIC "-//W3C//DTD XHTML 1.0 Transitional//EN"
    "http://www.w3.org/TR/xhtml1/DTD/xhtml1-transitional.dtd">
<html xmlns="http://www.w3.org/1999/xhtml" xml:lang="en" lang="en">
 <head>
  <title>
</title>
<meta http-equiv="Content-Type" content="text/html;charset=utf-8" />
  <meta name='ocr-system' content='tesseract 3.04.00' />
  <meta name='ocr-capabilities' content='ocr_page ocr_carea ocr_par ocr_line ocrx_word'/>
</head>
<body>
  <div class='ocr_page' id='page_1' title='image "./mtulliiciceroni02thacgoog_0131.png"; bbox 0 0 2692 4292; ppageno 0'>
   <div class='ocr_carea' id='block_1_1' title="bbox 422 307 1102 368">
    <p class='ocr_par' dir='ltr' id='par_1_1' title="bbox 422 307 1102 368">
     <span class='ocr_line' id='line_1_1' title="bbox 422 307 1102 368; baseline 0.006 -4"><span class='ocrx_word' id='word_1_1' title='bbox 422 325 508 365; x_wconf 79' lang='lat' dir='ltr'><strong>menn</strong></span> <span class='ocrx_word' id='word_1_2' title='bbox 520 325 564 366; x_wconf 87' lang='lat'><strong>111.</strong></span> <span class='ocrx_word' id='word_1_3' title='bbox 606 326 672 366; x_wconf 74' lang='lat' dir='ltr'><strong>cnr.</strong></span> <span class='ocrx_word' id='word_1_4' title='bbox 688 325 765 367; x_wconf 79' lang='lat' dir='ltr'><strong>mx.</strong></span> <span class='ocrx_word' id='word_1_5' title='bbox 1045 307 1102 368; x_wconf 79' lang='lat'><strong>11⁷</strong></span> 
     </span>
    </p>
   </div>
   <div class='ocr_carea' id='block_1_2' title="bbox 70 454 1106 1244">
    <p class='ocr_par' dir='ltr' id='par_1_2' title="bbox 70 454 1106 1244">
     <span class='ocr_line' id='line_1_2' title="bbox 71 454 1048 538; baseline 0.002 -27"><span class='ocrx_word' id='word_1_6' title='bbox 71 473 265 532; x_wconf 86' lang='lat' dir='ltr'><strong>quamquam</strong></span> <span class='ocrx_word' id='word_1_7' title='bbox 286 455 323 513; x_wconf 89' lang='lat' dir='ltr'><strong>ab</strong></span> <span class='ocrx_word' id='word_1_8' title='bbox 343 454 430 538; x_wconf 83' lang='lat' dir='ltr'><strong>impio</strong></span> <span class='ocrx_word' id='word_1_9' title='bbox 451 475 518 533; x_wconf 85' lang='lat' dir='ltr'><strong>rege</strong></span> <span class='ocrx_word' id='word_1_10' title='bbox 532 455 642 521; x_wconf 88' lang='lat' dir='ltr'><strong>dicitur,</strong></span> <span class='ocrx_word' id='word_1_11' title='bbox 657 456 801 513; x_wconf 82' lang='lat' dir='ltr'><strong>luculente</strong></span> <span class='ocrx_word' id='word_1_12' title='bbox 821 463 918 513; x_wconf 90' lang='lat' dir='ltr'><strong>tamen</strong></span> <span class='ocrx_word' id='word_1_13' title='bbox 938 455 1048 514; x_wconf 88' lang='lat' dir='ltr'><strong>dicitur.</strong></span> 
     </span>
     <span class='ocr_line' id='line_1_3' title="bbox 70 544 1083 621; baseline 0 -20"><span class='ocrx_word' id='word_1_14' title='bbox 70 545 214 601; x_wconf 81' lang='lat' dir='ltr'>Addunt</span> <span class='ocrx_word' id='word_1_15' title='bbox 238 545 331 610; x_wconf 90' lang='lat' dir='ltr'><strong>etiam,</strong></span> <span class='ocrx_word' id='word_1_16' title='bbox 356 545 596 620; x_wconf 87' lang='lat' dir='ltr'><strong>quemadmodum</strong></span> <span class='ocrx_word' id='word_1_17' title='bbox 623 564 675 600; x_wconf 90' lang='lat' dir='ltr'><strong>nos</strong></span> <span class='ocrx_word' id='word_1_18' title='bbox 702 545 837 610; x_wconf 83' lang='lat' dir='ltr'><strong>dicamus,</strong></span> <span class='ocrx_word' id='word_1_19' title='bbox 862 544 952 601; x_wconf 81' lang='lat' dir='ltr'><strong>videri</strong></span> <span class='ocrx_word' id='word_1_20' title='bbox 971 549 1083 621; x_wconf 74' lang='lat' dir='ltr'><strong>quc-s</strong></span> 
     </span>
     <span class='ocr_line' id='line_1_4' title="bbox 71 622 1049 710; baseline 0.001 -22"><span class='ocrx_word' id='word_1_21' title='bbox 71 632 156 690; x_wconf 85' lang='lat' dir='ltr'><strong>dam</strong></span> <span class='ocrx_word' id='word_1_22' title='bbox 171 634 259 700; x_wconf 88' lang='lat' dir='ltr'><strong>utilia,</strong></span> <span class='ocrx_word' id='word_1_23' title='bbox 275 651 339 710; x_wconf 86' lang='lat' dir='ltr'><strong>quae</strong></span> <span class='ocrx_word' id='word_1_24' title='bbox 360 622 415 690; x_wconf 84' lang='lat' dir='ltr'><strong>non</strong></span> <span class='ocrx_word' id='word_1_25' title='bbox 436 634 506 690; x_wconf 88' lang='lat' dir='ltr'><strong>sint:</strong></span> <span class='ocrx_word' id='word_1_26' title='bbox 528 633 567 690; x_wconf 91' lang='lat' dir='ltr'><strong>sic</strong></span> <span class='ocrx_word' id='word_1_27' title='bbox 581 653 611 690; x_wconf 91' lang='lat' dir='ltr'><strong>se</strong></span> <span class='ocrx_word' id='word_1_28' title='bbox 626 633 727 699; x_wconf 79' lang='lat' dir='ltr'><strong>dicere,</strong></span> <span class='ocrx_word' id='word_1_29' title='bbox 743 633 831 690; x_wconf 90' lang='lat' dir='ltr'><strong>videri</strong></span> <span class='ocrx_word' id='word_1_30' title='bbox 844 634 978 709; x_wconf 85' lang='lat' dir='ltr'><strong>quaedam</strong></span> <span class='ocrx_word' id='word_1_31' title='bbox 998 634 1049 689; x_wconf 89' lang='lat' dir='ltr'><strong>ho·</strong></span> 
     </span>
     <span class='ocr_line' id='line_1_5' title="bbox 71 721 1051 798; baseline -0.001 -20"><span class='ocrx_word' id='word_1_32' title='bbox 71 731 180 790; x_wconf 81' lang='lat' dir='ltr'><strong>nesta,</strong></span> <span class='ocrx_word' id='word_1_33' title='bbox 195 742 259 798; x_wconf 85' lang='lat' dir='ltr'><strong>quae</strong></span> <span class='ocrx_word' id='word_1_34' title='bbox 282 741 338 780; x_wconf 91' lang='lat' dir='ltr'><strong>non</strong></span> <span class='ocrx_word' id='word_1_35' title='bbox 358 723 428 778; x_wconf 89' lang='lat' dir='ltr'><strong>sint:</strong></span> <span class='ocrx_word' id='word_1_36' title='bbox 450 730 483 778; x_wconf 91' lang='lat' dir='ltr'><strong>ut</strong></span> <span class='ocrx_word' id='word_1_37' title='bbox 496 723 551 778; x_wconf 90' lang='lat' dir='ltr'><strong>hoc</strong></span> <span class='ocrx_word' id='word_1_38' title='bbox 570 721 665 797; x_wconf 88' lang='lat' dir='ltr'><strong>ipsum</strong></span> <span class='ocrx_word' id='word_1_39' title='bbox 679 723 791 779; x_wconf 86' lang='lat' dir='ltr'><strong>videtur</strong></span> <span class='ocrx_word' id='word_1_40' title='bbox 810 723 969 789; x_wconf 90' lang='lat' dir='ltr'><strong>honestum,</strong></span> <span class='ocrx_word' id='word_1_41' title='bbox 984 741 1051 778; x_wconf 91' lang='lat' dir='ltr'><strong>con-</strong></span> 
     </span>
     <span class='ocr_line' id='line_1_6' title="bbox 73 809 1052 887; baseline 0.001 -21"><span class='ocrx_word' id='word_1_42' title='bbox 73 811 222 868; x_wconf 85' lang='lat' dir='ltr'><strong>servandi</strong></span> <span class='ocrx_word' id='word_1_43' title='bbox 240 811 311 886; x_wconf 88' lang='lat' dir='ltr'><strong>juris</strong></span> <span class='ocrx_word' id='word_1_44' title='bbox 331 809 444 887; x_wconf 86' lang='lat' dir='ltr'><strong>jurandi</strong></span> <span class='ocrx_word' id='word_1_45' title='bbox 457 830 543 867; x_wconf 87' lang='lat' dir='ltr'><strong>causa</strong></span> <span class='ocrx_word' id='word_1_46' title='bbox 557 810 593 866; x_wconf 87' lang='lat' dir='ltr'><strong>ad</strong></span> <span class='ocrx_word' id='word_1_47' title='bbox 608 811 764 868; x_wconf 89' lang='lat' dir='ltr'><strong>cruciatum</strong></span> <span class='ocrx_word' id='word_1_48' title='bbox 784 811 940 878; x_wconf 76' lang='lat' dir='ltr'>revertisse,</span> <span class='ocrx_word' id='word_1_49' title='bbox 956 811 1007 868; x_wconf 89' lang='lat' dir='ltr'><strong>sed</strong></span> <span class='ocrx_word' id='word_1_50' title='bbox 1019 811 1052 867; x_wconf 87' lang='lat' dir='ltr'><strong>fit</strong></span> 
     </span>
     <span class='ocr_line' id='line_1_7' title="bbox 74 898 1051 976; baseline 0 -21"><span class='ocrx_word' id='word_1_51' title='bbox 74 919 145 956; x_wconf 90' lang='lat' dir='ltr'><strong>non</strong></span> <span class='ocrx_word' id='word_1_52' title='bbox 170 901 339 966; x_wconf 76' lang='lat' dir='ltr'><strong>honestum3</strong></span> <span class='ocrx_word' id='word_1_53' title='bbox 360 898 433 975; x_wconf 89' lang='lat' dir='ltr'><strong>quia,</strong></span> <span class='ocrx_word' id='word_1_54' title='bbox 457 898 534 976; x_wconf 91' lang='lat' dir='ltr'><strong>quod</strong></span> <span class='ocrx_word' id='word_1_55' title='bbox 555 917 607 975; x_wconf 91' lang='lat' dir='ltr'><strong>per</strong></span> <span class='ocrx_word' id='word_1_56' title='bbox 626 899 684 956; x_wconf 88' lang='lat' dir='ltr'><strong>vim</strong></span> <span class='ocrx_word' id='word_1_57' title='bbox 706 900 830 957; x_wconf 89' lang='lat' dir='ltr'><strong>hostium</strong></span> <span class='ocrx_word' id='word_1_58' title='bbox 851 905 927 956; x_wconf 85' lang='lat' dir='ltr'><strong>esset</strong></span> <span class='ocrx_word' id='word_1_59' title='bbox 947 907 1051 966; x_wconf 83' lang='lat' dir='ltr'><strong>ectum,</strong></span> 
     </span>
     <span class='ocr_line' id='line_1_8' title="bbox 76 987 1085 1066; baseline 0.001 -21"><span class='ocrx_word' id='word_1_60' title='bbox 76 997 186 1045; x_wconf 88' lang='lat' dir='ltr'><strong>ratum</strong></span> <span class='ocrx_word' id='word_1_61' title='bbox 199 1007 261 1045; x_wconf 86' lang='lat' dir='ltr'><strong>esse</strong></span> <span class='ocrx_word' id='word_1_62' title='bbox 275 1007 331 1046; x_wconf 91' lang='lat' dir='ltr'><strong>non</strong></span> <span class='ocrx_word' id='word_1_63' title='bbox 345 987 451 1045; x_wconf 77' lang='lat' dir='ltr'>debuit.</span> <span class='ocrx_word' id='word_1_64' title='bbox 492 987 616 1044; x_wconf 82' lang='lat' dir='ltr'><strong>Addunt</strong></span> <span class='ocrx_word' id='word_1_65' title='bbox 630 989 724 1056; x_wconf 86' lang='lat' dir='ltr'><strong>etiam,</strong></span> <span class='ocrx_word' id='word_1_66' title='bbox 740 988 872 1066; x_wconf 92' lang='lat' dir='ltr'><strong>quicquid</strong></span> <span class='ocrx_word' id='word_1_67' title='bbox 887 987 971 1045; x_wconf 86' lang='lat' dir='ltr'><strong>valde</strong></span> <span class='ocrx_word' id='word_1_68' title='bbox 983 987 1053 1045; x_wconf 89' lang='lat' dir='ltr'><strong>utile</strong></span> <span class='ocrx_word' id='word_1_69' title='bbox 1067 993 1085 1046; x_wconf 77' lang='lat' dir='ltr'><strong>c</strong></span> 
     </span>
     <span class='ocr_line' id='line_1_9' title="bbox 78 1077 1106 1144; baseline 0.003 -10"><span class='ocrx_word' id='word_1_70' title='bbox 78 1078 132 1144; x_wconf 87' lang='lat' dir='ltr'><strong>sit,</strong></span> <span class='ocrx_word' id='word_1_71' title='bbox 160 1077 191 1134; x_wconf 92' lang='lat' dir='ltr'><strong>id</strong></span> <span class='ocrx_word' id='word_1_72' title='bbox 212 1077 272 1134; x_wconf 87' lang='lat' dir='ltr'><strong>fieri</strong></span> <span class='ocrx_word' id='word_1_73' title='bbox 293 1079 451 1144; x_wconf 91' lang='lat' dir='ltr'><strong>honestum,</strong></span> <span class='ocrx_word' id='word_1_74' title='bbox 478 1077 587 1133; x_wconf 84' lang='lat' dir='ltr'><strong>etiamsi</strong></span> <span class='ocrx_word' id='word_1_75' title='bbox 608 1084 693 1134; x_wconf 82' lang='lat' dir='ltr'><strong>antea</strong></span> <span class='ocrx_word' id='word_1_76' title='bbox 711 1097 768 1135; x_wconf 89' lang='lat' dir='ltr'><strong>non</strong></span> <span class='ocrx_word' id='word_1_77' title='bbox 789 1078 940 1138; x_wconf 86' lang='lat' dir='ltr'><strong>videretur.</strong></span> <span class='ocrx_word' id='word_1_78' title='bbox 981 1080 1053 1137; x_wconf 66' lang='lat' dir='ltr'><strong>Haec</strong></span> <span class='ocrx_word' id='word_1_79' title='bbox 1069 1084 1106 1137; x_wconf 89' lang='lat'><strong>10</strong></span> 
     </span>
     <span class='ocr_line' id='line_1_10' title="bbox 78 1165 799 1244; baseline 0.003 -21"><span class='ocrx_word' id='word_1_80' title='bbox 78 1167 148 1223; x_wconf 83' lang='lat' dir='ltr'><strong>fere</strong></span> <span class='ocrx_word' id='word_1_81' title='bbox 164 1173 262 1223; x_wconf 85' lang='lat' dir='ltr'><strong>contra</strong></span> <span class='ocrx_word' id='word_1_82' title='bbox 275 1166 427 1244; x_wconf 83' lang='lat' dir='ltr'><strong>Regulum.</strong></span> <span class='ocrx_word' id='word_1_83' title='bbox 469 1165 527 1222; x_wconf 84' lang='lat' dir='ltr'><strong>Sed</strong></span> <span class='ocrx_word' id='word_1_84' title='bbox 542 1165 633 1242; x_wconf 85' lang='lat' dir='ltr'><strong>prima</strong></span> <span class='ocrx_word' id='word_1_85' title='bbox 646 1166 799 1225; x_wconf 82' lang='lat' dir='ltr'><strong>videamus.</strong></span> 
     </span>
    </p>
   </div>
   <div class='ocr_carea' id='block_1_3' title="bbox 81 1321 1090 2026">
    <p class='ocr_par' dir='ltr' id='par_1_3' title="bbox 81 1321 1090 2026">
     <span class='ocr_line' id='line_1_11' title="bbox 129 1321 1055 1402; baseline 0.002 -22"><span class='ocrx_word' id='word_1_86' title='bbox 129 1323 238 1380; x_wconf 89' lang='lat' dir='ltr'>XXIX.</span> <span class='ocrx_word' id='word_1_87' title='bbox 254 1323 319 1380; x_wconf 84' lang='lat' dir='ltr'><strong>Non</strong></span> <span class='ocrx_word' id='word_1_88' title='bbox 328 1322 381 1378; x_wconf 87' lang='lat' dir='ltr'><strong>fuit</strong></span> <span class='ocrx_word' id='word_1_89' title='bbox 390 1322 408 1380; x_wconf 92' lang='lat' dir='ltr'><strong>J</strong></span> <span class='ocrx_word' id='word_1_90' title='bbox 409 1321 523 1399; x_wconf 89' lang='lat' dir='ltr'><strong>uppiter</strong></span> <span class='ocrx_word' id='word_1_91' title='bbox 531 1322 710 1389; x_wconf 87' lang='lat' dir='ltr'><strong>metuendus,</strong></span> <span class='ocrx_word' id='word_1_92' title='bbox 719 1341 755 1380; x_wconf 89' lang='lat' dir='ltr'><strong>ne</strong></span> <span class='ocrx_word' id='word_1_93' title='bbox 764 1323 854 1382; x_wconf 87' lang='lat' dir='ltr'><strong>iratus</strong></span> <span class='ocrx_word' id='word_1_94' title='bbox 862 1331 992 1384; x_wconf 89' lang='lat' dir='ltr'><strong>noceret:</strong></span> <span class='ocrx_word' id='word_1_95' title='bbox 1006 1325 1055 1402; x_wconf 90' lang='lat' dir='ltr'><strong>qui</strong></span> 
     </span>
     <span class='ocr_line' id='line_1_12' title="bbox 81 1411 1087 1491; baseline 0.004 -23"><span class='ocrx_word' id='word_1_96' title='bbox 81 1430 183 1488; x_wconf 91' lang='lat' dir='ltr'><strong>neque</strong></span> <span class='ocrx_word' id='word_1_97' title='bbox 197 1411 279 1469; x_wconf 85' lang='lat' dir='ltr'><strong>irasci</strong></span> <span class='ocrx_word' id='word_1_98' title='bbox 289 1412 368 1478; x_wconf 89' lang='lat' dir='ltr'><strong>solet,</strong></span> <span class='ocrx_word' id='word_1_99' title='bbox 377 1430 429 1468; x_wconf 91' lang='lat' dir='ltr'><strong>nec</strong></span> <span class='ocrx_word' id='word_1_100' title='bbox 443 1429 552 1468; x_wconf 87' lang='lat' dir='ltr'><strong>nocere.</strong></span> <span class='ocrx_word' id='word_1_101' title='bbox 593 1412 667 1469; x_wconf 84' lang='lat' dir='ltr'><strong>Haec</strong></span> <span class='ocrx_word' id='word_1_102' title='bbox 678 1412 793 1488; x_wconf 89' lang='lat' dir='ltr'><strong>quidem</strong></span> <span class='ocrx_word' id='word_1_103' title='bbox 806 1413 878 1470; x_wconf 87' lang='lat' dir='ltr'><strong>ratio</strong></span> <span class='ocrx_word' id='word_1_104' title='bbox 891 1433 948 1471; x_wconf 90' lang='lat' dir='ltr'><strong>non</strong></span> <span class='ocrx_word' id='word_1_105' title='bbox 960 1415 1053 1491; x_wconf 87' lang='lat' dir='ltr'><strong>magis</strong></span> <span class='ocrx_word' id='word_1_106' title='bbox 1069 1421 1087 1472; x_wconf 75' lang='lat'><strong>2</strong></span> 
     </span>
     <span class='ocr_line' id='line_1_13' title="bbox 84 1501 1088 1578; baseline 0.001 -20"><span class='ocrx_word' id='word_1_107' title='bbox 84 1509 192 1558; x_wconf 89' lang='lat' dir='ltr'><strong>contra</strong></span> <span class='ocrx_word' id='word_1_108' title='bbox 206 1501 317 1578; x_wconf 82' lang='lat' dir='ltr'><strong>Reguli,</strong></span> <span class='ocrx_word' id='word_1_109' title='bbox 333 1519 419 1576; x_wconf 84' lang='lat' dir='ltr'><strong>quam</strong></span> <span class='ocrx_word' id='word_1_110' title='bbox 434 1506 531 1557; x_wconf 85' lang='lat' dir='ltr'><strong>contra</strong></span> <span class='ocrx_word' id='word_1_111' title='bbox 544 1519 627 1558; x_wconf 89' lang='lat' dir='ltr'><strong>omne</strong></span> <span class='ocrx_word' id='word_1_112' title='bbox 644 1501 693 1576; x_wconf 89' lang='lat' dir='ltr'><strong>jus</strong></span> <span class='ocrx_word' id='word_1_113' title='bbox 704 1501 859 1578; x_wconf 81' lang='lat' dir='ltr'><strong>jurandum</strong></span> <span class='ocrx_word' id='word_1_114' title='bbox 872 1503 956 1559; x_wconf 84' lang='lat' dir='ltr'><strong>velet.</strong></span> <span class='ocrx_word' id='word_1_115' title='bbox 997 1502 1056 1559; x_wconf 81' lang='lat' dir='ltr'><strong>Sed</strong></span> <span class='ocrx_word' id='word_1_116' title='bbox 1070 1509 1088 1559; x_wconf 80' lang='grc'><strong>3</strong></span> 
     </span>
     <span class='ocr_line' id='line_1_14' title="bbox 84 1588 1056 1666; baseline 0.001 -20"><span class='ocrx_word' id='word_1_117' title='bbox 84 1589 118 1646; x_wconf 89' lang='lat' dir='ltr'><strong>in</strong></span> <span class='ocrx_word' id='word_1_118' title='bbox 138 1590 205 1666; x_wconf 89' lang='lat' dir='ltr'><strong>jure</strong></span> <span class='ocrx_word' id='word_1_119' title='bbox 224 1589 356 1666; x_wconf 83' lang='lat' dir='ltr'><strong>jurando,</strong></span> <span class='ocrx_word' id='word_1_120' title='bbox 371 1607 427 1646; x_wconf 91' lang='lat' dir='ltr'><strong>non</strong></span> <span class='ocrx_word' id='word_1_121' title='bbox 447 1589 496 1664; x_wconf 92' lang='lat' dir='ltr'><strong>qui</strong></span> <span class='ocrx_word' id='word_1_122' title='bbox 518 1595 621 1656; x_wconf 88' lang='lat' dir='ltr'><strong>metus,</strong></span> <span class='ocrx_word' id='word_1_123' title='bbox 636 1588 689 1646; x_wconf 89' lang='lat' dir='ltr'><strong>sed</strong></span> <span class='ocrx_word' id='word_1_124' title='bbox 708 1608 773 1666; x_wconf 82' lang='lat' dir='ltr'><strong>quae</strong></span> <span class='ocrx_word' id='word_1_125' title='bbox 786 1590 828 1647; x_wconf 89' lang='lat' dir='ltr'><strong>vis</strong></span> <span class='ocrx_word' id='word_1_126' title='bbox 849 1590 894 1658; x_wconf 92' lang='lat' dir='ltr'><strong>sit,</strong></span> <span class='ocrx_word' id='word_1_127' title='bbox 910 1590 996 1648; x_wconf 89' lang='lat' dir='ltr'><strong>debet</strong></span> <span class='ocrx_word' id='word_1_128' title='bbox 1015 1591 1056 1647; x_wconf 85' lang='lat' dir='ltr'><strong>in·</strong></span> 
     </span>
     <span class='ocr_line' id='line_1_15' title="bbox 84 1677 1090 1756; baseline -0.002 -20"><span class='ocrx_word' id='word_1_129' title='bbox 84 1678 190 1756; x_wconf 86' lang='lat' dir='ltr'><strong>telligi.</strong></span> <span class='ocrx_word' id='word_1_130' title='bbox 232 1678 284 1734; x_wconf 89' lang='lat' dir='ltr'><strong>Est</strong></span> <span class='ocrx_word' id='word_1_131' title='bbox 304 1677 378 1734; x_wconf 89' lang='lat' dir='ltr'><strong>enim</strong></span> <span class='ocrx_word' id='word_1_132' title='bbox 395 1677 444 1754; x_wconf 89' lang='lat' dir='ltr'><strong>jus</strong></span> <span class='ocrx_word' id='word_1_133' title='bbox 461 1677 616 1753; x_wconf 85' lang='lat' dir='ltr'><strong>jurandum</strong></span> <span class='ocrx_word' id='word_1_134' title='bbox 631 1678 780 1735; x_wconf 81' lang='lat' dir='ltr'><strong>affirmatio</strong></span> <span class='ocrx_word' id='word_1_135' title='bbox 793 1679 929 1756; x_wconf 81' lang='lat' dir='ltr'><strong>religiosa.</strong></span> <span class='ocrx_word' id='word_1_136' title='bbox 972 1678 1090 1747; x_wconf 75' lang='lat' dir='ltr'><strong>Quode</strong></span> 
     </span>
     <span class='ocr_line' id='line_1_16' title="bbox 86 1766 1059 1843; baseline 0 -18"><span class='ocrx_word' id='word_1_137' title='bbox 86 1776 190 1825; x_wconf 88' lang='lat' dir='ltr'><strong>autem</strong></span> <span class='ocrx_word' id='word_1_138' title='bbox 214 1767 358 1832; x_wconf 84' lang='lat' dir='ltr'><strong>affirmate,</strong></span> <span class='ocrx_word' id='word_1_139' title='bbox 380 1766 461 1842; x_wconf 83' lang='lat' dir='ltr'><strong>quasi</strong></span> <span class='ocrx_word' id='word_1_140' title='bbox 480 1766 535 1822; x_wconf 77' lang='lat' dir='ltr'><strong>deo</strong></span> <span class='ocrx_word' id='word_1_141' title='bbox 552 1772 634 1835; x_wconf 89' lang='lat' dir='ltr'><strong>teste,</strong></span> <span class='ocrx_word' id='word_1_142' title='bbox 663 1767 831 1843; x_wconf 82' lang='lat' dir='ltr'><strong>promiseris,</strong></span> <span class='ocrx_word' id='word_1_143' title='bbox 851 1768 882 1825; x_wconf 92' lang='lat' dir='ltr'><strong>id</strong></span> <span class='ocrx_word' id='word_1_144' title='bbox 905 1767 1059 1825; x_wconf 86' lang='lat' dir='ltr'><strong>tenendum</strong></span> 
     </span>
     <span class='ocr_line' id='line_1_17' title="bbox 88 1855 1057 1932; baseline -0.001 -17"><span class='ocrx_word' id='word_1_145' title='bbox 88 1865 146 1915; x_wconf 89' lang='lat' dir='ltr'><strong>est.</strong></span> <span class='ocrx_word' id='word_1_146' title='bbox 187 1857 254 1915; x_wconf 82' lang='lat' dir='ltr'><strong>Jam</strong></span> <span class='ocrx_word' id='word_1_147' title='bbox 269 1856 341 1912; x_wconf 90' lang='lat' dir='ltr'><strong>enim</strong></span> <span class='ocrx_word' id='word_1_148' title='bbox 354 1874 411 1912; x_wconf 90' lang='lat' dir='ltr'><strong>non</strong></span> <span class='ocrx_word' id='word_1_149' title='bbox 431 1855 468 1912; x_wconf 85' lang='lat' dir='ltr'><strong>ed</strong></span> <span class='ocrx_word' id='word_1_150' title='bbox 488 1855 558 1913; x_wconf 87' lang='lat' dir='ltr'><strong>iram</strong></span> <span class='ocrx_word' id='word_1_151' title='bbox 572 1855 699 1922; x_wconf 80' lang='lat' dir='ltr'><strong>deorum,</strong></span> <span class='ocrx_word' id='word_1_152' title='bbox 714 1875 779 1932; x_wconf 86' lang='lat' dir='ltr'><strong>quae</strong></span> <span class='ocrx_word' id='word_1_153' title='bbox 793 1857 871 1914; x_wconf 88' lang='lat' dir='ltr'><strong>nulla</strong></span> <span class='ocrx_word' id='word_1_154' title='bbox 884 1864 937 1924; x_wconf 89' lang='lat' dir='ltr'><strong>est,</strong></span> <span class='ocrx_word' id='word_1_155' title='bbox 954 1857 1005 1915; x_wconf 87' lang='lat' dir='ltr'><strong>sed</strong></span> <span class='ocrx_word' id='word_1_156' title='bbox 1018 1857 1057 1914; x_wconf 92' lang='lat' dir='ltr'><strong>ad</strong></span> 
     </span>
     <span class='ocr_line' id='line_1_18' title="bbox 86 1944 1087 2026; baseline 0.002 -22"><span class='ocrx_word' id='word_1_157' title='bbox 86 1947 231 2026; x_wconf 81' lang='lat' dir='ltr'><strong>justitiam</strong></span> <span class='ocrx_word' id='word_1_158' title='bbox 245 1945 324 2002; x_wconf 84' lang='lat' dir='ltr'><strong>etad</strong></span> <span class='ocrx_word' id='word_1_159' title='bbox 338 1944 425 2002; x_wconf 90' lang='lat' dir='ltr'><strong>fidem</strong></span> <span class='ocrx_word' id='word_1_160' title='bbox 438 1944 568 2020; x_wconf 79' lang='lat' dir='ltr'><strong>pertinet.</strong></span> <span class='ocrx_word' id='word_1_161' title='bbox 610 1945 687 2002; x_wconf 88' lang='lat' dir='ltr'><strong>Nam</strong></span> <span class='ocrx_word' id='word_1_162' title='bbox 701 1946 837 2021; x_wconf 69' lang='lat' dir='ltr'><strong>preclare</strong></span> <span class='ocrx_word' id='word_1_163' title='bbox 851 1946 973 2005; x_wconf 82' lang='lat' dir='ltr'><strong>Ennius:</strong></span> <span class='ocrx_word' id='word_1_164' title='bbox 1069 1955 1087 2006; x_wconf 81' lang='lat'><strong>5</strong></span> 
     </span>
    </p>
   </div>
   <div class='ocr_carea' id='block_1_4' title="bbox 180 2044 979 2119">
    <p class='ocr_par' dir='ltr' id='par_1_4' title="bbox 180 2044 979 2119">
     <span class='ocr_line' id='line_1_19' title="bbox 180 2044 979 2119; baseline 0.004 -17"><span class='ocrx_word' id='word_1_165' title='bbox 180 2045 205 2102; x_wconf 90' lang='lat'><em>0</em></span> <span class='ocrx_word' id='word_1_166' title='bbox 219 2044 303 2102; x_wconf 77' lang='lat' dir='ltr'><strong>Fides</strong></span> <span class='ocrx_word' id='word_1_167' title='bbox 316 2045 401 2111; x_wconf 74' lang='lat' dir='ltr'><strong>alosa,</strong></span> <span class='ocrx_word' id='word_1_168' title='bbox 415 2052 484 2118; x_wconf 79' lang='lat' dir='ltr'><strong>cpta</strong></span> <span class='ocrx_word' id='word_1_169' title='bbox 491 2044 596 2118; x_wconf 77' lang='lat' dir='ltr'><strong>pinnis,</strong></span> <span class='ocrx_word' id='word_1_170' title='bbox 611 2052 636 2100; x_wconf 87' lang='lat' dir='ltr'><strong>ct</strong></span> <span class='ocrx_word' id='word_1_171' title='bbox 649 2045 707 2102; x_wconf 81' lang='lat' dir='ltr'><strong>Jcs</strong></span> <span class='ocrx_word' id='word_1_172' title='bbox 712 2046 873 2119; x_wconf 77' lang='lat' dir='ltr'><strong>jurandum</strong></span> <span class='ocrx_word' id='word_1_173' title='bbox 889 2047 979 2106; x_wconf 69' lang='lat' dir='ltr'><strong>Jove.</strong></span> 
     </span>
    </p>
   </div>
   <div class='ocr_carea' id='block_1_5' title="bbox 91 2154 1118 3722">
    <p class='ocr_par' dir='ltr' id='par_1_5' title="bbox 91 2154 1059 2409">
     <span class='ocr_line' id='line_1_20' title="bbox 91 2154 1059 2234; baseline 0.001 -20"><span class='ocrx_word' id='word_1_174' title='bbox 91 2157 152 2227; x_wconf 82' lang='lat' dir='ltr'><strong>Qui</strong></span> <span class='ocrx_word' id='word_1_175' title='bbox 175 2157 229 2214; x_wconf 87' lang='lat' dir='ltr'><strong>Jus</strong></span> <span class='ocrx_word' id='word_1_176' title='bbox 252 2155 338 2232; x_wconf 86' lang='lat' dir='ltr'><strong>igitur</strong></span> <span class='ocrx_word' id='word_1_177' title='bbox 359 2154 514 2231; x_wconf 85' lang='lat' dir='ltr'><strong>jurandum</strong></span> <span class='ocrx_word' id='word_1_178' title='bbox 534 2154 667 2221; x_wconf 79' lang='lat' dir='ltr'><strong>violatis</strong></span> <span class='ocrx_word' id='word_1_179' title='bbox 689 2155 790 2214; x_wconf 89' lang='lat' dir='ltr'><strong>Fidem</strong></span> <span class='ocrx_word' id='word_1_180' title='bbox 811 2157 905 2223; x_wconf 84' lang='lat' dir='ltr'><strong>violat,</strong></span> <span class='ocrx_word' id='word_1_181' title='bbox 920 2177 1008 2234; x_wconf 84' lang='lat' dir='ltr'><strong>quem</strong></span> <span class='ocrx_word' id='word_1_182' title='bbox 1029 2157 1059 2215; x_wconf 90' lang='lat' dir='ltr'><strong>in</strong></span> 
     </span>
     <span class='ocr_line' id='line_1_21' title="bbox 92 2243 1059 2323; baseline -0.002 -18"><span class='ocrx_word' id='word_1_183' title='bbox 92 2245 237 2323; x_wconf 84' lang='lat' dir='ltr'><strong>Capitolio</strong></span> <span class='ocrx_word' id='word_1_184' title='bbox 252 2244 369 2301; x_wconf 89' lang='lat' dir='ltr'><strong>vicinam</strong></span> <span class='ocrx_word' id='word_1_185' title='bbox 389 2244 468 2301; x_wconf 86' lang='lat' dir='ltr'><strong>Jovis</strong></span> <span class='ocrx_word' id='word_1_186' title='bbox 481 2243 590 2320; x_wconf 94' lang='lat' dir='ltr'><strong>Optimi</strong></span> <span class='ocrx_word' id='word_1_187' title='bbox 614 2243 738 2311; x_wconf 84' lang='lat' dir='ltr'><strong>Maximi,</strong></span> <span class='ocrx_word' id='word_1_188' title='bbox 753 2252 787 2302; x_wconf 90' lang='lat' dir='ltr'><strong>ut</strong></span> <span class='ocrx_word' id='word_1_189' title='bbox 809 2246 838 2302; x_wconf 90' lang='lat' dir='ltr'><strong>in</strong></span> <span class='ocrx_word' id='word_1_190' title='bbox 862 2246 977 2304; x_wconf 85' lang='lat' dir='ltr'><strong>Oetonis</strong></span> <span class='ocrx_word' id='word_1_191' title='bbox 997 2265 1059 2303; x_wconf 86' lang='lat' dir='ltr'><strong>ore·</strong></span> 
     </span>
     <span class='ocr_line' id='line_1_22' title="bbox 91 2333 729 2409; baseline -0.006 -14"><span class='ocrx_word' id='word_1_192' title='bbox 91 2338 172 2395; x_wconf 91' lang='lat' dir='ltr'><strong>tione</strong></span> <span class='ocrx_word' id='word_1_193' title='bbox 188 2341 240 2401; x_wconf 86' lang='lat' dir='ltr'><strong>est,</strong></span> <span class='ocrx_word' id='word_1_194' title='bbox 254 2333 377 2409; x_wconf 84' lang='lat' dir='ltr'><strong>meJ&#39;ores</strong></span> <span class='ocrx_word' id='word_1_195' title='bbox 391 2333 480 2390; x_wconf 85' lang='lat' dir='ltr'><strong>nostri</strong></span> <span class='ocrx_word' id='word_1_196' title='bbox 494 2351 556 2390; x_wconf 87' lang='lat' dir='ltr'><strong>esse</strong></span> <span class='ocrx_word' id='word_1_197' title='bbox 569 2334 729 2391; x_wconf 86' lang='lat' dir='ltr'><strong>voluerunt.</strong></span> 
     </span>
    </p>

    <p class='ocr_par' dir='ltr' id='par_1_6' title="bbox 94 2413 1118 3722">
     <span class='ocr_line' id='line_1_23' title="bbox 136 2413 1094 2500; baseline -0.002 -18"><span class='ocrx_word' id='word_1_198' title='bbox 136 2426 181 2482; x_wconf 89' lang='lat' dir='ltr'><strong>At</strong></span> <span class='ocrx_word' id='word_1_199' title='bbox 194 2424 268 2481; x_wconf 92' lang='lat' dir='ltr'><strong>enim</strong></span> <span class='ocrx_word' id='word_1_200' title='bbox 280 2413 316 2479; x_wconf 87' lang='lat' dir='ltr'><strong>ne</strong></span> <span class='ocrx_word' id='word_1_201' title='bbox 329 2422 417 2479; x_wconf 81' lang='lat' dir='ltr'><strong>iratus</strong></span> <span class='ocrx_word' id='word_1_202' title='bbox 431 2422 545 2498; x_wconf 91' lang='lat' dir='ltr'><strong>quidem</strong></span> <span class='ocrx_word' id='word_1_203' title='bbox 555 2423 574 2481; x_wconf 88' lang='lat' dir='ltr'><strong>J</strong></span> <span class='ocrx_word' id='word_1_204' title='bbox 575 2423 691 2500; x_wconf 84' lang='lat' dir='ltr'><strong>uppiter</strong></span> <span class='ocrx_word' id='word_1_205' title='bbox 703 2422 769 2499; x_wconf 90' lang='lat' dir='ltr'><strong>plus</strong></span> <span class='ocrx_word' id='word_1_206' title='bbox 786 2422 898 2500; x_wconf 83' lang='lat' dir='ltr'><strong>Regulo</strong></span> <span class='ocrx_word' id='word_1_207' title='bbox 911 2421 1061 2489; x_wconf 81' lang='lat' dir='ltr'><strong>nocuisset,</strong></span> <span class='ocrx_word' id='word_1_208' title='bbox 1076 2429 1094 2480; x_wconf 81' lang='grc'>6</span> 
     </span>
     <span class='ocr_line' id='line_1_24' title="bbox 94 2511 1091 2592; baseline -0.002 -21"><span class='ocrx_word' id='word_1_209' title='bbox 94 2533 183 2592; x_wconf 89' lang='lat' dir='ltr'><strong>quam</strong></span> <span class='ocrx_word' id='word_1_210' title='bbox 199 2513 253 2571; x_wconf 86' lang='lat' dir='ltr'><strong>sibi</strong></span> <span class='ocrx_word' id='word_1_211' title='bbox 266 2512 361 2570; x_wconf 81' lang='lat' dir='ltr'><strong>nocuit</strong></span> <span class='ocrx_word' id='word_1_212' title='bbox 374 2512 435 2588; x_wconf 92' lang='lat' dir='ltr'><strong>ipse</strong></span> <span class='ocrx_word' id='word_1_213' title='bbox 445 2511 583 2588; x_wconf 85' lang='lat' dir='ltr'><strong>Regulus.</strong></span> <span class='ocrx_word' id='word_1_214' title='bbox 626 2511 720 2577; x_wconf 79' lang='lat' dir='ltr'><strong>Certe,</strong></span> <span class='ocrx_word' id='word_1_215' title='bbox 735 2511 759 2567; x_wconf 90' lang='lat' dir='ltr'><strong>si</strong></span> <span class='ocrx_word' id='word_1_216' title='bbox 772 2511 840 2567; x_wconf 92' lang='lat' dir='ltr'><strong>nihil</strong></span> <span class='ocrx_word' id='word_1_217' title='bbox 853 2511 961 2568; x_wconf 89' lang='lat' dir='ltr'><strong>malum</strong></span> <span class='ocrx_word' id='word_1_218' title='bbox 974 2518 1059 2578; x_wconf 88' lang='lat' dir='ltr'><strong>esset,</strong></span> <span class='ocrx_word' id='word_1_219' title='bbox 1075 2511 1091 2569; x_wconf 81' lang='lat' dir='ltr'><strong>&#39;l</strong></span> 
     </span>
     <span class='ocr_line' id='line_1_25' title="bbox 94 2599 1061 2666; baseline -0.005 -5"><span class='ocrx_word' id='word_1_220' title='bbox 94 2604 150 2661; x_wconf 89' lang='lat' dir='ltr'><strong>nisi</strong></span> <span class='ocrx_word' id='word_1_221' title='bbox 164 2603 269 2660; x_wconf 90' lang='lat' dir='ltr'><strong>dolere.</strong></span> <span class='ocrx_word' id='word_1_222' title='bbox 312 2601 347 2658; x_wconf 94' lang='lat' dir='ltr'><strong>Id</strong></span> <span class='ocrx_word' id='word_1_223' title='bbox 369 2609 464 2658; x_wconf 84' lang='lat' dir='ltr'><strong>autem</strong></span> <span class='ocrx_word' id='word_1_224' title='bbox 483 2620 539 2658; x_wconf 92' lang='lat' dir='ltr'><strong>non</strong></span> <span class='ocrx_word' id='word_1_225' title='bbox 559 2600 644 2658; x_wconf 92' lang='lat' dir='ltr'><strong>modo</strong></span> <span class='ocrx_word' id='word_1_226' title='bbox 665 2619 809 2656; x_wconf 86' lang='lat' dir='ltr'><strong>summum</strong></span> <span class='ocrx_word' id='word_1_227' title='bbox 829 2600 945 2666; x_wconf 88' lang='lat' dir='ltr'><strong>malum,</strong></span> <span class='ocrx_word' id='word_1_228' title='bbox 960 2599 1011 2656; x_wconf 89' lang='lat' dir='ltr'><strong>sed</strong></span> <span class='ocrx_word' id='word_1_229' title='bbox 1025 2617 1061 2657; x_wconf 88' lang='lat' dir='ltr'><strong>ne</strong></span> 
     </span>
     <span class='ocr_line' id='line_1_26' title="bbox 95 2688 1060 2768; baseline -0.005 -18"><span class='ocrx_word' id='word_1_230' title='bbox 95 2694 206 2750; x_wconf 86' lang='lat' dir='ltr'><strong>malum</strong></span> <span class='ocrx_word' id='word_1_231' title='bbox 216 2691 332 2768; x_wconf 91' lang='lat' dir='ltr'><strong>quidem</strong></span> <span class='ocrx_word' id='word_1_232' title='bbox 343 2709 413 2757; x_wconf 88' lang='lat' dir='ltr'><strong>esse,</strong></span> <span class='ocrx_word' id='word_1_233' title='bbox 425 2689 548 2763; x_wconf 70' lang='lat' dir='ltr'><strong>maxima</strong></span> <span class='ocrx_word' id='word_1_234' title='bbox 559 2689 727 2747; x_wconf 80' lang='lat' dir='ltr'><strong>auctoritate</strong></span> <span class='ocrx_word' id='word_1_235' title='bbox 741 2688 903 2766; x_wconf 88' lang='lat' dir='ltr'><strong>philosophi</strong></span> <span class='ocrx_word' id='word_1_236' title='bbox 913 2689 1060 2746; x_wconf 83' lang='lat' dir='ltr'><strong>affirmant.</strong></span> 
     </span>
     <span class='ocr_line' id='line_1_27' title="bbox 97 2776 1094 2856; baseline -0.002 -18"><span class='ocrx_word' id='word_1_237' title='bbox 97 2783 227 2850; x_wconf 79' lang='lat' dir='ltr'><strong>Quorum</strong></span> <span class='ocrx_word' id='word_1_238' title='bbox 242 2779 357 2856; x_wconf 89' lang='lat' dir='ltr'><strong>quidem</strong></span> <span class='ocrx_word' id='word_1_239' title='bbox 377 2785 481 2836; x_wconf 87' lang='lat' dir='ltr'><strong>testem</strong></span> <span class='ocrx_word' id='word_1_240' title='bbox 502 2798 559 2835; x_wconf 91' lang='lat' dir='ltr'><strong>non</strong></span> <span class='ocrx_word' id='word_1_241' title='bbox 582 2777 763 2844; x_wconf 88' lang='lat' dir='ltr'><strong>mediocrem,</strong></span> <span class='ocrx_word' id='word_1_242' title='bbox 778 2779 829 2836; x_wconf 89' lang='lat' dir='ltr'><strong>sed</strong></span> <span class='ocrx_word' id='word_1_243' title='bbox 850 2776 928 2835; x_wconf 86' lang='lat' dir='ltr'><strong>haud</strong></span> <span class='ocrx_word' id='word_1_244' title='bbox 947 2777 1005 2834; x_wconf 86' lang='lat' dir='ltr'><strong>scio</strong></span> <span class='ocrx_word' id='word_1_245' title='bbox 1024 2783 1094 2836; x_wconf 82' lang='lat' dir='ltr'><strong>an8</strong></span> 
     </span>
     <span class='ocr_line' id='line_1_28' title="bbox 97 2867 1097 2948; baseline -0.007 -22"><span class='ocrx_word' id='word_1_246' title='bbox 97 2869 305 2948; x_wconf 83' lang='lat' dir='ltr'><strong>gravissimum,</strong></span> <span class='ocrx_word' id='word_1_247' title='bbox 327 2868 481 2944; x_wconf 82' lang='lat' dir='ltr'><strong>Regulum,</strong></span> <span class='ocrx_word' id='word_1_248' title='bbox 504 2867 600 2935; x_wconf 91' lang='lat' dir='ltr'><strong>nolite,</strong></span> <span class='ocrx_word' id='word_1_249' title='bbox 624 2885 734 2943; x_wconf 81' lang='lat' dir='ltr'><strong>quaeso,</strong></span> <span class='ocrx_word' id='word_1_250' title='bbox 760 2867 928 2944; x_wconf 85' lang='lat' dir='ltr'><strong>vituperare.</strong></span> <span class='ocrx_word' id='word_1_251' title='bbox 969 2868 1062 2936; x_wconf 84' lang='lat' dir='ltr'><strong>Quem</strong></span> <span class='ocrx_word' id='word_1_252' title='bbox 1076 2873 1097 2926; x_wconf 82' lang='grc'><strong>9.</strong></span> 
     </span>
     <span class='ocr_line' id='line_1_29' title="bbox 99 2956 1065 3034; baseline 0.001 -20"><span class='ocrx_word' id='word_1_253' title='bbox 99 2958 174 3014; x_wconf 90' lang='lat' dir='ltr'><strong>enim</strong></span> <span class='ocrx_word' id='word_1_254' title='bbox 194 2956 407 3033; x_wconf 87' lang='lat' dir='ltr'><strong>locupletiorem</strong></span> <span class='ocrx_word' id='word_1_255' title='bbox 421 2956 584 3032; x_wconf 81' lang='lat' dir='ltr'><strong>quaerimus,</strong></span> <span class='ocrx_word' id='word_1_256' title='bbox 607 2975 694 3032; x_wconf 86' lang='lat' dir='ltr'><strong>quam</strong></span> <span class='ocrx_word' id='word_1_257' title='bbox 714 2956 869 3034; x_wconf 92' lang='lat' dir='ltr'><strong>principem</strong></span> <span class='ocrx_word' id='word_1_258' title='bbox 889 2957 987 3033; x_wconf 89' lang='lat' dir='ltr'><strong>populi</strong></span> <span class='ocrx_word' id='word_1_259' title='bbox 1007 2958 1065 3015; x_wconf 90' lang='lat' dir='ltr'><strong>Ro·</strong></span> 
     </span>
     <span class='ocr_line' id='line_1_30' title="bbox 98 3045 1063 3122; baseline 0.002 -19"><span class='ocrx_word' id='word_1_260' title='bbox 98 3047 184 3113; x_wconf 87' lang='lat' dir='ltr'><strong>mani,</strong></span> <span class='ocrx_word' id='word_1_261' title='bbox 200 3046 249 3122; x_wconf 89' lang='lat' dir='ltr'><strong>qui</strong></span> <span class='ocrx_word' id='word_1_262' title='bbox 269 3045 405 3102; x_wconf 88' lang='lat' dir='ltr'><strong>retinendi</strong></span> <span class='ocrx_word' id='word_1_263' title='bbox 427 3045 509 3103; x_wconf 87' lang='lat' dir='ltr'><strong>officii</strong></span> <span class='ocrx_word' id='word_1_264' title='bbox 529 3063 615 3101; x_wconf 82' lang='lat' dir='ltr'><strong>causa</strong></span> <span class='ocrx_word' id='word_1_265' title='bbox 629 3046 785 3103; x_wconf 82' lang='lat' dir='ltr'><strong>cruciatum</strong></span> <span class='ocrx_word' id='word_1_266' title='bbox 805 3046 922 3104; x_wconf 90' lang='lat' dir='ltr'><strong>subierit</strong></span> <span class='ocrx_word' id='word_1_267' title='bbox 935 3047 1063 3105; x_wconf 87' lang='lat' dir='ltr'><strong>volunta·</strong></span> 
     </span>
     <span class='ocr_line' id='line_1_31' title="bbox 100 3132 1117 3209; baseline 0.001 -17"><span class='ocrx_word' id='word_1_268' title='bbox 100 3135 228 3192; x_wconf 76' lang='lat' dir='ltr'><strong>tarium?</strong></span> <span class='ocrx_word' id='word_1_269' title='bbox 269 3133 345 3190; x_wconf 89' lang='lat' dir='ltr'><strong>Nam</strong></span> <span class='ocrx_word' id='word_1_270' title='bbox 359 3132 437 3209; x_wconf 92' lang='lat' dir='ltr'><strong>quod</strong></span> <span class='ocrx_word' id='word_1_271' title='bbox 451 3133 537 3199; x_wconf 86' lang='lat' dir='ltr'><strong>aiunt,</strong></span> <span class='ocrx_word' id='word_1_272' title='bbox 549 3133 665 3190; x_wconf 81' lang='lat' dir='ltr'><strong>Minime</strong></span> <span class='ocrx_word' id='word_1_273' title='bbox 679 3133 715 3192; x_wconf 91' lang='lat' dir='ltr'><strong>de</strong></span> <span class='ocrx_word' id='word_1_274' title='bbox 727 3134 827 3201; x_wconf 83' lang='lat' dir='ltr'><strong>malis;</strong></span> <span class='ocrx_word' id='word_1_275' title='bbox 847 3134 877 3191; x_wconf 92' lang='lat' dir='ltr'><strong>id</strong></span> <span class='ocrx_word' id='word_1_276' title='bbox 891 3140 943 3201; x_wconf 89' lang='lat' dir='ltr'><strong>est,</strong></span> <span class='ocrx_word' id='word_1_277' title='bbox 957 3141 991 3192; x_wconf 94' lang='lat' dir='ltr'><strong>ut</strong></span> <span class='ocrx_word' id='word_1_278' title='bbox 1004 3144 1064 3192; x_wconf 91' lang='lat' dir='ltr'><strong>tur·</strong></span> <span class='ocrx_word' id='word_1_279' title='bbox 1080 3139 1117 3193; x_wconf 91' lang='lat'><strong>10</strong></span> 
     </span>
     <span class='ocr_line' id='line_1_32' title="bbox 99 3221 1065 3301; baseline 0 -21"><span class='ocrx_word' id='word_1_280' title='bbox 99 3222 174 3301; x_wconf 87' lang='lat' dir='ltr'><strong>piter</strong></span> <span class='ocrx_word' id='word_1_281' title='bbox 188 3222 291 3298; x_wconf 89' lang='lat' dir='ltr'><strong>potius,</strong></span> <span class='ocrx_word' id='word_1_282' title='bbox 306 3241 392 3297; x_wconf 89' lang='lat' dir='ltr'><strong>quam</strong></span> <span class='ocrx_word' id='word_1_283' title='bbox 407 3221 585 3279; x_wconf 82' lang='lat' dir='ltr'><strong>calamitose:</strong></span> <span class='ocrx_word' id='word_1_284' title='bbox 607 3240 644 3278; x_wconf 84' lang='lat' dir='ltr'><strong>an</strong></span> <span class='ocrx_word' id='word_1_285' title='bbox 666 3229 710 3278; x_wconf 89' lang='lat' dir='ltr'><strong>est</strong></span> <span class='ocrx_word' id='word_1_286' title='bbox 731 3222 821 3279; x_wconf 93' lang='lat' dir='ltr'><strong>ullum</strong></span> <span class='ocrx_word' id='word_1_287' title='bbox 842 3223 936 3299; x_wconf 86' lang='lat' dir='ltr'><strong>majus</strong></span> <span class='ocrx_word' id='word_1_288' title='bbox 957 3224 1065 3280; x_wconf 81' lang='lat' dir='ltr'><strong>melum</strong></span> 
     </span>
     <span class='ocr_line' id='line_1_33' title="bbox 100 3309 1066 3388; baseline -0.002 -20"><span class='ocrx_word' id='word_1_289' title='bbox 100 3309 299 3388; x_wconf 79' lang='lat' dir='ltr'><strong>turpitudine?</strong></span> <span class='ocrx_word' id='word_1_290' title='bbox 342 3310 414 3378; x_wconf 81' lang='lat' dir='ltr'><strong>Quae</strong></span> <span class='ocrx_word' id='word_1_291' title='bbox 429 3309 453 3366; x_wconf 89' lang='lat' dir='ltr'><strong>si</strong></span> <span class='ocrx_word' id='word_1_292' title='bbox 465 3309 493 3366; x_wconf 92' lang='lat' dir='ltr'><strong>in</strong></span> <span class='ocrx_word' id='word_1_293' title='bbox 507 3309 687 3367; x_wconf 82' lang='lat' dir='ltr'><strong>deformitate</strong></span> <span class='ocrx_word' id='word_1_294' title='bbox 707 3311 833 3387; x_wconf 88' lang='lat' dir='ltr'><strong>corporis</strong></span> <span class='ocrx_word' id='word_1_295' title='bbox 852 3311 941 3368; x_wconf 86' lang='lat' dir='ltr'><strong>hebet</strong></span> <span class='ocrx_word' id='word_1_296' title='bbox 959 3310 1066 3386; x_wconf 83' lang='lat' dir='ltr'><strong>aliquid</strong></span> 
     </span>
     <span class='ocr_line' id='line_1_34' title="bbox 101 3396 1065 3475; baseline -0.005 -18"><span class='ocrx_word' id='word_1_297' title='bbox 101 3397 269 3464; x_wconf 84' lang='lat' dir='ltr'><strong>offensionis,</strong></span> <span class='ocrx_word' id='word_1_298' title='bbox 284 3405 389 3473; x_wconf 87' lang='lat' dir='ltr'><strong>quanta</strong></span> <span class='ocrx_word' id='word_1_299' title='bbox 402 3398 450 3455; x_wconf 84' lang='lat' dir='ltr'><strong>illa</strong></span> <span class='ocrx_word' id='word_1_300' title='bbox 464 3397 628 3474; x_wconf 80' lang='lat' dir='ltr'><strong>depravatio</strong></span> <span class='ocrx_word' id='word_1_301' title='bbox 642 3404 671 3455; x_wconf 91' lang='lat' dir='ltr'><strong>et</strong></span> <span class='ocrx_word' id='word_1_302' title='bbox 685 3398 801 3456; x_wconf 85' lang='lat' dir='ltr'><strong>loeditas</strong></span> <span class='ocrx_word' id='word_1_303' title='bbox 814 3399 968 3475; x_wconf 82' lang='lat' dir='ltr'><strong>turpificati</strong></span> <span class='ocrx_word' id='word_1_304' title='bbox 980 3396 1065 3453; x_wconf 89' lang='lat' dir='ltr'><strong>animi</strong></span> 
     </span>
     <span class='ocr_line' id='line_1_35' title="bbox 101 3485 1118 3562; baseline -0.006 -17"><span class='ocrx_word' id='word_1_305' title='bbox 101 3488 189 3545; x_wconf 90' lang='lat' dir='ltr'><strong>debet</strong></span> <span class='ocrx_word' id='word_1_306' title='bbox 202 3485 313 3542; x_wconf 87' lang='lat' dir='ltr'><strong>videri‘l</strong></span> <span class='ocrx_word' id='word_1_307' title='bbox 354 3485 453 3562; x_wconf 79' lang='lat' dir='ltr'><strong>ltaque</strong></span> <span class='ocrx_word' id='word_1_308' title='bbox 466 3487 609 3543; x_wconf 83' lang='lat' dir='ltr'><strong>nervosius</strong></span> <span class='ocrx_word' id='word_1_309' title='bbox 623 3487 671 3562; x_wconf 91' lang='lat' dir='ltr'><strong>qui</strong></span> <span class='ocrx_word' id='word_1_310' title='bbox 684 3487 739 3544; x_wconf 85' lang='lat' dir='ltr'><strong>ista</strong></span> <span class='ocrx_word' id='word_1_311' title='bbox 750 3487 899 3552; x_wconf 83' lang='lat' dir='ltr'><strong>disserunt,</strong></span> <span class='ocrx_word' id='word_1_312' title='bbox 911 3485 1004 3542; x_wconf 89' lang='lat' dir='ltr'><strong>solum</strong></span> <span class='ocrx_word' id='word_1_313' title='bbox 1015 3502 1064 3539; x_wconf 88' lang='lat' dir='ltr'><strong>au·</strong></span> <span class='ocrx_word' id='word_1_314' title='bbox 1081 3487 1118 3540; x_wconf 93' lang='lat'><strong>11</strong></span> 
     </span>
     <span class='ocr_line' id='line_1_36' title="bbox 101 3572 1068 3651; baseline -0.003 -18"><span class='ocrx_word' id='word_1_315' title='bbox 101 3575 171 3633; x_wconf 89' lang='lat' dir='ltr'><strong>dent</strong></span> <span class='ocrx_word' id='word_1_316' title='bbox 184 3574 292 3631; x_wconf 82' lang='lat' dir='ltr'><strong>malum</strong></span> <span class='ocrx_word' id='word_1_317' title='bbox 306 3574 398 3630; x_wconf 90' lang='lat' dir='ltr'><strong>dicere</strong></span> <span class='ocrx_word' id='word_1_318' title='bbox 413 3573 451 3641; x_wconf 90' lang='lat' dir='ltr'><strong>id,</strong></span> <span class='ocrx_word' id='word_1_319' title='bbox 466 3575 542 3650; x_wconf 91' lang='lat' dir='ltr'><strong>quod</strong></span> <span class='ocrx_word' id='word_1_320' title='bbox 556 3581 641 3650; x_wconf 88' lang='lat' dir='ltr'><strong>turpe</strong></span> <span class='ocrx_word' id='word_1_321' title='bbox 655 3575 707 3630; x_wconf 90' lang='lat' dir='ltr'><strong>sit:</strong></span> <span class='ocrx_word' id='word_1_322' title='bbox 729 3574 778 3651; x_wconf 89' lang='lat' dir='ltr'><strong>qui</strong></span> <span class='ocrx_word' id='word_1_323' title='bbox 797 3581 894 3630; x_wconf 87' lang='lat' dir='ltr'><strong>autem</strong></span> <span class='ocrx_word' id='word_1_324' title='bbox 915 3572 1068 3638; x_wconf 81' lang='lat' dir='ltr'><strong>remissius,</strong></span> 
     </span>
     <span class='ocr_line' id='line_1_37' title="bbox 101 3661 847 3722; baseline -0.005 0"><span class='ocrx_word' id='word_1_325' title='bbox 101 3665 132 3722; x_wconf 91' lang='lat' dir='ltr'><strong>hi</strong></span> <span class='ocrx_word' id='word_1_326' title='bbox 144 3671 242 3722; x_wconf 84' lang='lat' dir='ltr'><strong>temen</strong></span> <span class='ocrx_word' id='word_1_327' title='bbox 255 3679 312 3721; x_wconf 89' lang='lat' dir='ltr'><strong>non</strong></span> <span class='ocrx_word' id='word_1_328' title='bbox 325 3661 456 3721; x_wconf 86' lang='lat' dir='ltr'><strong>dubitant</strong></span> <span class='ocrx_word' id='word_1_329' title='bbox 469 3681 612 3721; x_wconf 86' lang='lat' dir='ltr'><strong>summum</strong></span> <span class='ocrx_word' id='word_1_330' title='bbox 625 3662 733 3720; x_wconf 85' lang='lat' dir='ltr'><strong>malum</strong></span> <span class='ocrx_word' id='word_1_331' title='bbox 746 3662 847 3720; x_wconf 82' lang='lat' dir='ltr'><strong>dicere.</strong></span> 
     </span>
    </p>
   </div>
   <div class='ocr_carea' id='block_1_6' title="bbox 0 0 1388 4292">
    <p class='ocr_par' dir='ltr' id='par_1_7' title="bbox 0 0 1388 4292">
     <span class='ocr_line' id='line_1_38' title="bbox 0 0 1388 4292; baseline 0 0"><span class='ocrx_word' id='word_1_332' title='bbox 0 0 1388 4292; x_wconf 95' lang='lat' dir='ltr'><strong> </strong></span> 
     </span>
    </p>
   </div>
  </div>
 </body>
</html>
