2692 4292
182 321 222 378 12
596 331 635 372 mr
649 331 778 372 orrrorrs

235 461 409 539 utquisque
432 459 555 518 maxime
578 459 731 518 virtutibus
757 459 802 517 bis
824 457 976 517 lenioribus
998 455 1052 515 erit
1073 461 1204 524 oreatus,

234 550 381 618 modestia,
403 549 597 628 temperantia,
618 548 673 607 hae
696 549 768 626 ipse,
789 549 827 606 de
850 566 908 625 qua
930 547 1021 604 multa
1038 546 1100 623 jam
1124 545 1207 604 dieta

204 647 221 700 2
236 647 311 706 sunt,
324 639 442 717 justitie.
484 639 561 696 Nam
574 638 654 696 fortis
668 639 779 696 animus
791 645 822 696 et
834 656 965 716 magnus,
975 637 1005 694 in
1017 635 1130 692 homine
1144 654 1206 692 non

235 729 362 808 perfeeto
374 747 426 786 nee
440 728 574 806 sapiente,
586 727 739 784 ferventior
751 727 921 804 plerumque
933 732 992 784 est:
1013 725 1070 784 illee
1081 725 1206 782 virtutes

236 819 345 877 bonum
358 817 451 876 virum
464 817 597 875 videntur
611 815 707 893 potius
719 816 868 894 attingere.
909 815 1009 891 Atque
1022 815 1085 871 baeo
1098 813 1127 870 in
1140 831 1204 870 mo-

203 907 322 965 tribus.
363 907 408 964 De
431 905 619 964 benivolentia
639 912 745 973 autem,
760 923 847 981 quam
866 903 986 980 quisque
1006 902 1113 960 hebeat
1132 921 1205 980 erga

234 1015 294 1064 nos,
311 995 433 1076 primum
453 994 523 1053 illud
545 1001 589 1052 est
610 994 638 1051 in
660 992 760 1060 officio,
774 1000 808 1051 ut
821 993 847 1050 ei
860 993 1014 1070 plurimum
1033 992 1204 1060 tribuamus,

234 1103 252 1144 a
273 1105 330 1163 quo
354 1085 508 1162 plurimum
532 1082 692 1161 diligamur.
733 1082 793 1140 Sed
814 1081 1032 1141 benivolentiam
1052 1100 1110 1138 non
1132 1080 1204 1138 ado-

234 1173 455 1232 lescentulorum
478 1189 558 1230 more
581 1171 682 1230 ardore
702 1170 827 1248 quodam
849 1171 961 1239 amoris,
977 1169 1029 1228 sed
1049 1169 1204 1228 stabilitate

15 1305 183 1344 ΜΛ...-
202 1262 331 1339 4potius
352 1269 382 1320 et
403 1261 561 1318 constantie
580 1260 752 1338 judicemus.
794 1259 846 1318 Sin
864 1267 950 1318 erunt
970 1259 1078 1326 merite,
1092 1267 1205 1316 utnon

233 1350 365 1418 ineunda,
380 1349 432 1408 sed
450 1348 598 1408 reserenda
616 1349 653 1407 sit
671 1349 773 1428 gratia,
787 1349 880 1426 major
893 1349 1029 1426 quaedam
1041 1367 1110 1408 eura
1121 1348 1204 1405 adhi-

235 1439 330 1500 benda
350 1446 402 1498 est.
443 1437 562 1497 Nullum
586 1439 661 1496 enim
681 1438 805 1496 officium
827 1438 977 1496 reserenda
999 1439 1091 1516 gratia
1108 1437 1205 1516 magis

203 1538 220 1590 5
235 1529 425 1588 necessarium
438 1535 491 1586 est.
533 1527 643 1597 Quodsi
663 1545 707 1594 ea,
722 1547 788 1604 quae
807 1528 915 1585 utenda
928 1528 1081 1604 acceperis,
1093 1527 1204 1604 majore

234 1637 375 1688 mensura,
390 1619 414 1677 ri
431 1617 518 1676 modo
538 1616 637 1694 possit,
650 1617 735 1694 jubet
751 1617 871 1674 reddere
885 1617 1046 1684 Hesiodus;
1066 1616 1204 1693 quidnam

234 1709 370 1768 beneficio
381 1707 527 1785 provooeti
537 1707 629 1764 faeere
640 1706 799 1764 debemus?
819 1707 869 1764 An
878 1706 981 1764 imitari
990 1725 1075 1784 egros
1085 1707 1203 1776 fertiles,

203 1804 220 1856 6
235 1797 284 1874 qui
297 1797 388 1854 multo
402 1795 467 1872 plus
480 1795 609 1863 efferunt,
622 1813 710 1872 quam
723 1796 917 1874 uoeeperunt?
938 1795 1052 1853 Etenim
1064 1796 1089 1852 si
1101 1796 1131 1852 in
1143 1814 1203 1865 eos,

235 1905 308 1963 quos
322 1903 470 1962 speramus
490 1884 572 1942 nobis
592 1885 767 1961 profuturos,
781 1903 839 1942 uon
853 1885 1018 1943 dubitamus
1032 1885 1123 1942 officie
1136 1905 1203 1944 eou-

203 1974 219 2034 'l
234 1975 308 2032 t'erre
317 1967 438 2050 {quales
448 1973 477 2030 in
487 1992 536 2030 eos
547 1992 609 2032 esse
624 1973 771 2041 debemus,
782 1975 832 2050 qui
842 1974 904 2052 jam
918 1975 1105 2053 profuerunt?
1126 1975 1203 2032 Nam

235 2083 300 2122 oum
321 2064 380 2122 duo
400 2081 505 2141 genera
522 2063 698 2122 liberalitatis
718 2063 783 2132 siut,
797 2083 887 2121 unum
908 2064 995 2122 dandi
1013 2063 1148 2132 beneficii,
1162 2064 1202 2120 al-

235 2160 328 2210 terum
341 2151 495 2210 reddendi:
517 2151 740 2236 demuspmeone,
754 2153 783 2210 in
796 2160 895 2211 nostre
908 2160 1051 2230 potestate
1064 2160 1125 2220 est;
1145 2173 1204 2212 uon

234 2242 364 2310 reddere,
388 2242 448 2300 viro
472 2242 547 2300 bono
570 2236 630 2299 non'
650 2242 726 2310 lieet,
749 2242 837 2301 modo
860 2243 890 2301 id
912 2243 1007 2300 faeere
1031 2242 1120 2320 possit
1143 2243 1204 2300 sine

203 2331 344 2410 8injuria.
385 2330 581 2408 Acceptorum
601 2338 698 2390 autem
718 2331 918 2391 beneficiorum
932 2339 998 2388 sunt
1011 2331 1139 2389 delectus
1151 2332 1203 2388 ha-

235 2421 329 2480 bendi.
370 2420 400 2478 N
401 2439 433 2478 eo
447 2419 576 2488 dubium,
591 2421 659 2497 quin
671 2420 796 2479 maximo
810 2422 911 2498 ouique
931 2421 1085 2497 plurimum
1099 2420 1203 2478 debea-

233 2517 290 2568 tur.
332 2511 368 2568 In
389 2529 446 2588 quo
467 2509 615 2568 tamenin
637 2511 743 2588 primis,
764 2530 822 2587 quo
841 2510 961 2587 quisque
980 2510 1083 2576 animo,
1098 2509 1203 2578 studio,

203 2600 423 2658 9benivolentia
443 2601 551 2667 fecerit,
567 2599 783 2676 ponderandum
803 2607 855 2658 est.
896 2599 982 2656 Multi
1001 2599 1076 2656 enim
1095 2599 1205 2658 faciunt

235 2690 326 2746 multa
339 2689 498 2746 temeritate
512 2690 637 2765 quadam
659 2689 719 2748 sine
740 2689 857 2767 judicio,
872 2689 917 2746 vel
937 2689 1039 2747 morbo
1053 2689 1082 2746 in
1095 2708 1203 2758 omnes,

235 2778 281 2834 vol
304 2777 451 2854 repentino
471 2778 604 2854 quodam,
623 2779 704 2858 quasi
727 2786 821 2846 vento,
841 2778 953 2855 impetu
972 2778 1058 2836 animi
1076 2779 1202 2838 incitati:

235 2885 301 2943 quae
324 2866 459 2923 beneficia
483 2885 564 2942 aeque
591 2886 696 2946 magna
717 2886 774 2926 non
795 2875 862 2926 sunt
886 2868 1027 2935 habenda,
1053 2875 1139 2944 atque
1159 2887 1203 2936 ea,

186 2961 222 3015 10
236 2974 302 3030 quae
319 2954 435 3031 judicio,
450 2955 625 3014 considerate
640 2964 858 3033 constanterque
876 2957 972 3014 delata
985 2963 1061 3016 sunt.
1102 2957 1161 3015 Sed
1174 2958 1205 3014 in

236 3043 401 3102 oolloeando
421 3043 565 3111 beneficio,
581 3050 610 3102 et
631 3045 659 3102 in
681 3046 829 3104 referenda
849 3047 950 3124 gratia,
965 3046 989 3103 si
1009 3053 1104 3104 cetera
1125 3045 1205 3123 paria

235 3139 310 3202 sunt,
325 3132 380 3190 hoo
400 3132 521 3190 maxime
543 3133 697 3201 officiiest,
711 3141 746 3192 ut
766 3135 885 3212 quisque
903 3135 1028 3198 maxime
1049 3135 1111 3212 opis
1131 3135 1202 3192 indi·

236 3228 311 3300 geat,
325 3221 365 3279 ita
378 3220 403 3278 ei
422 3221 600 3298 potissimum
614 3223 755 3300 opitulari.
796 3225 882 3293 Quod
897 3232 996 3282 eontra
1014 3225 1047 3281 fit
1066 3244 1084 3281 e
1104 3224 1203 3302 pleris-

185 3316 219 3369 11
236 3328 300 3388 que.
341 3311 371 3368 A
385 3329 442 3387 quo
460 3311 535 3368 enim
556 3312 710 3388 plurimum
731 3321 855 3389 sperant,
870 3315 980 3372 etiamsi
999 3315 1023 3372 is
1046 3333 1104 3372 non
1125 3320 1203 3393 eget,

235 3409 331 3458 tamen
344 3400 370 3458 ei
384 3399 562 3477 potissimum
576 3399 738 3460 inserviunt.

274 3578 353 3637 XVI.
376 3578 492 3655 Optime
506 3585 603 3636 eutem
617 3578 737 3637 societas
750 3580 897 3640 bominum
910 3583 1129 3660 conjunctioque
1143 3602 1203 3641 ser·

235 3668 356 3738 rebitur,
366 3669 398 3738 si,
409 3674 443 3726 ut
456 3667 576 3746 quisque
587 3667 639 3726 erit
650 3669 903 3748 eonjunetissimus,
912 3671 953 3728 ite
961 3672 991 3730 in
1001 3690 1067 3730 eum
1075 3672 1203 3750 benigni·
