2692 4292
167 317 205 374 32
580 325 618 364 mr
639 325 769 366 ormena

218 456 458 514 animadversores
466 454 608 520 vitiorum,
619 473 724 532 magna
736 471 815 530 sepe
828 451 1020 530 intelligemus
1032 471 1068 510 ex
1079 451 1191 530 parvis.

187 553 204 604 2
219 547 262 604 Ex
273 545 417 604 oculorum
429 544 540 610 obtutu,
550 561 585 600 ex
599 543 812 619 superciliorum
821 549 873 600 ant
882 541 1043 599 remissione
1053 550 1105 600 aut
1118 561 1192 600 con-

218 633 363 700 tractione,
384 651 421 690 ex
443 632 584 698 moestitia,
603 650 639 688 ex
660 632 808 698 hilaritate,
830 649 867 688 ex
890 631 958 698 risu,
979 650 1014 688 ex
1033 631 1192 699 locutione,

218 742 255 780 ex
275 722 428 788 reticentia,
448 739 484 778 ex
502 721 680 778 contentione
693 720 770 777 vocis
783 727 814 778 et
826 707 1020 786 submissione,
1033 739 1069 778 ex
1083 720 1193 778 ceteris

218 811 354 870 similibus
375 809 457 868 facile
476 809 679 887 judicabimus,
694 809 763 887 quid
783 827 883 868 eorum
902 817 971 886 apte
984 810 1041 876 fiat,
1056 808 1126 886 quid
1146 809 1191 866 ab

217 900 308 958 officio
321 905 478 976 naturaque
495 898 646 975 discrepet.

186 995 204 1048 8
258 989 322 1057 Quo
335 988 364 1045 in
378 1005 483 1065 genere
497 1005 553 1044 uon
564 995 609 1044 est
622 986 842 1054 incommodum,
852 986 938 1063 quale
948 987 1072 1064 quidque
1085 1005 1191 1044 eorum

217 1078 262 1145 sit,
278 1077 387 1136 axeliis
399 1075 587 1153 judicarent,
600 1075 624 1132 si
637 1075 707 1152 quid
717 1076 856 1134 dedeceat
867 1076 896 1132 in
909 1076 972 1143 illis,
987 1076 1106 1134 vitemus
1120 1076 1188 1152 ipsi,

185 1171 203 1224 4
218 1168 265 1224 Fit
278 1165 352 1222 enim
366 1164 460 1222 nescio
473 1164 626 1239 quomodo,
642 1171 676 1222 ut
688 1165 779 1241 magis
798 1165 828 1221 in
846 1165 908 1222 aliis
926 1184 1083 1231 cernamus,
1096 1184 1189 1241 quam

185 1263 203 1314 5
217 1255 246 1313 in
259 1253 400 1311 nobismet
414 1251 490 1328 ipsis,
500 1252 524 1308 si
538 1252 606 1330 quid
621 1252 801 1330 delinquitur.
815 1311 818 1316 ,
837 1254 940 1330 Itaque
954 1253 1085 1311 facillime
1098 1254 1188 1311 corri-

216 1349 324 1422 guntur
335 1342 365 1399 in
378 1340 521 1409 discendo,
537 1359 658 1418 quorum
672 1343 740 1400 vitia
758 1342 904 1400 imitantur
916 1342 1085 1400 emendandi
1098 1361 1189 1400 causa

217 1430 354 1510 magistri.

185 1527 203 1582 6
258 1523 319 1580 Neo
332 1541 400 1579 vero
422 1520 545 1579 alienum
566 1527 618 1589 est,
633 1521 670 1578 ad
685 1539 720 1578 ea
734 1519 875 1599 eligenda,
890 1540 957 1598 quae
980 1520 1189 1580 dubitationem

216 1611 346 1678 efferum,
361 1611 496 1669 adhibere
511 1610 610 1670 doctos
625 1610 763 1678 homines,
777 1610 824 1667 vel
836 1610 924 1668 ctiam
941 1630 997 1668 usu
1016 1611 1130 1688 peritos,
1145 1618 1185 1679 et,

185 1700 202 1760 '1
216 1701 286 1779 quid
299 1701 332 1758 iis
344 1700 382 1758 de
396 1718 510 1777 quoque
531 1699 613 1757 officii
633 1717 739 1776 genere
761 1699 881 1778 placeat,
896 1700 1050 1776 exquirere.
1091 1700 1188 1777 Major

217 1791 291 1847 enim
306 1808 372 1866 pars
386 1807 420 1846 eo
432 1790 492 1846 iere
506 1788 610 1846 deferri
622 1787 705 1855 solet,
719 1807 778 1865 quo
791 1795 924 1846 enatura
942 1789 1006 1866 ipsa
1025 1788 1185 1849 deducitur.

217 1879 253 1936 Iu
266 1879 368 1955 quibus
382 1876 537 1934 videndum
557 1884 681 1944 estnon
699 1877 786 1934 modo
805 1877 875 1954 quid
897 1878 1017 1954 quisque
1043 1878 1186 1954 loquatur,

217 1968 268 2050 sed
290 1967 375 2024 etiam
397 1966 466 2042 quid
487 1966 606 2042 quisque
628 1966 741 2034 sentiat,
757 1974 844 2044 atque
865 1966 951 2024 etiam
972 1986 1031 2044 qua
1050 1966 1086 2024 de
1100 1985 1188 2026 causa

185 2063 203 2116 8
218 2056 337 2132 quisque
351 2054 461 2112 sentiat.
491 2054 533 2111 Ut
544 2055 618 2112 enim
629 2054 762 2132 pictores,
772 2063 801 2112 et
811 2055 898 2132 liqui
910 2056 992 2133 signa
1001 2056 1184 2124 fabricantur,

217 2151 247 2204 et
259 2162 327 2202 vero
341 2142 426 2200 etiam
445 2149 547 2220 poetae,
563 2163 647 2202 suum
661 2144 780 2221 quisque
794 2163 867 2221 opus
881 2163 899 2200 a
912 2145 1002 2222 vulgo
1015 2146 1187 2203 considerari

217 2233 288 2301 vult,
302 2239 345 2300 ut,
359 2232 383 2290 si
403 2230 471 2309 quid
490 2232 694 2310 reprehensum
718 2234 756 2290 sit
775 2253 793 2290 a
813 2234 950 2311 pluribus,
965 2233 994 2291 id
1008 2236 1183 2313 corrigatur;

216 2323 302 2400 hique
316 2329 345 2380 et
359 2341 464 2389 secum,
479 2327 509 2379 et
522 2341 588 2380 cum
601 2323 670 2390 aliis,
686 2323 756 2398 quid
769 2323 798 2380 in
812 2341 847 2380 eo
861 2330 1012 2400 peccatum
1026 2323 1072 2391 sit,
1087 2325 1183 2400 exqui-

217 2419 301 2470 runt:
323 2412 362 2470 sic
376 2411 494 2470 aliorum
506 2410 614 2488 judicio
635 2413 779 2488 permulta
792 2413 874 2469 nobis
889 2420 918 2469 et
931 2412 1070 2481 facienda,
1085 2420 1115 2470 et
1126 2433 1185 2471 non

217 2501 355 2568 iacienda,
370 2509 400 2560 et
413 2500 559 2567 mutanda,
574 2507 604 2557 et
617 2500 785 2577 corrigenda
800 2508 875 2558 sunt.

187 2596 204 2648 9
259 2591 331 2660 Quae
356 2609 423 2648 vero
450 2608 529 2648 moro
556 2596 680 2668 agentur
705 2589 897 2667 institutisque
923 2589 1060 2658 civilibus,
1087 2591 1125 2648 de
1151 2592 1184 2648 iis

168 2686 205 2739 10
220 2679 287 2738 nihil
302 2685 346 2736 est
357 2678 587 2755 praecipiendum.
630 2679 684 2735 Illa
698 2678 772 2735 enim
786 2679 849 2756 ipsa
862 2687 1010 2756 praecepta
1024 2688 1098 2737 sunt.
1121 2680 1183 2738 Nec

219 2785 391 2845 quemquam
411 2765 574 2824 hocerrore
589 2765 655 2824 duci
675 2774 797 2844 oportet,
811 2776 853 2835 ut,
869 2768 973 2844 siquid
988 2769 1120 2826 Socrates
1133 2776 1185 2826 aut

219 2855 385 2931 Aristippus
399 2861 497 2911 contra
511 2872 618 2912 morem
632 2857 922 2934 consuetudinemque
936 2858 1044 2914 civilem
1058 2857 1183 2923 fecerint,

169 2951 204 3004 11
219 2944 343 3003 locutive
357 2942 420 3008 sint,
435 2942 511 3000 idem
525 2943 577 3000 sibi
590 2943 745 3002 arbitretur
758 2945 850 3004 licere.
891 2946 1004 3023 Magnis
1018 2946 1058 3003 illi
1072 2953 1101 3003 et
1114 2946 1183 3004 divi-

218 3032 263 3088 nis
285 3031 365 3089 bonis
387 3031 460 3088 hanc
487 3031 628 3089 licentiam
649 3035 881 3110 assequebantur.
924 3035 1096 3111 Cynicorum
1117 3054 1184 3092 vero

168 3127 204 3179 12
219 3121 290 3178 ratio
311 3127 371 3176 tota
391 3127 434 3178 est
455 3119 602 3198 ejicienda.
645 3121 698 3178 Est
712 3123 786 3180 enim
799 3123 911 3180 inimica
924 3124 1110 3191 verecundie,
1125 3123 1184 3182 sine

220 3227 278 3286 qua
297 3208 364 3266 nihil
385 3215 494 3266 rectum
514 3227 576 3266 esse
600 3217 704 3285 potest,
718 3211 787 3268 nihil
807 3213 966 3272 honestum.
1006 3214 1065 3270 Eos
1078 3220 1183 3281 autem,

220 3309 341 3376 quorum
356 3297 413 3354 vita
434 3305 585 3373 perspecta
604 3297 633 3354 in
653 3299 740 3356 rebus
760 3301 886 3358 honestis
905 3311 992 3378 atque
1006 3303 1116 3379 magnis
1130 3310 1183 3370 est,

185 3399 191 3416 ²
220 3388 294 3448 bene
308 3387 344 3443 de
357 3405 388 3443 re
402 3385 515 3461 publica
529 3385 690 3453 sentientes,
705 3405 738 3444 ac
752 3389 825 3446 bene
839 3392 954 3447 meritos
968 3398 1019 3447 eut
1032 3400 1182 3458 merentes,

220 3477 268 3544 sic,
283 3483 315 3534 ut
334 3475 428 3552 aliquo
449 3473 556 3530 honore
578 3480 628 3530 aut
653 3474 771 3551 imperio
791 3478 916 3545 affectos,
931 3480 1081 3536 observare
1094 3487 1123 3536 et
1137 3499 1184 3536 co-

219 3565 276 3624 lere
291 3565 443 3623 debemus:
464 3563 587 3621 tribuere
601 3562 686 3620 etiam
706 3565 827 3622 multum
848 3568 1003 3624 senectuti:
1026 3568 1127 3625 cedere
1141 3568 1182 3635 iis,

219 3654 268 3730 qui
287 3655 484 3732 magistratum
504 3651 667 3710 habebunt:
689 3653 795 3712 hahere
815 3655 958 3713 delectum
979 3656 1046 3714 civis
1060 3664 1090 3714 et
1102 3675 1183 3735 pere·
