2692 4292
529 347 615 386 nram
628 347 648 386 1.
689 345 757 387 oar.
771 345 811 386 xa
1139 325 1178 388 1⁸1

155 476 271 538 interitu
291 476 381 534 iratus
403 475 531 553 optavit;
558 495 615 552 quo
635 475 797 553 impetrato,
821 474 851 532 in
868 474 1007 533 maximos
1028 473 1125 534 luctus

155 565 261 624 incidit.
304 566 366 622 Nec
390 566 529 642 promissa
549 565 635 644 igitur
662 558 803 622 servanda
821 571 888 622 sunt
907 583 951 633 ea,
975 583 1041 640 quae
1069 563 1157 624 aint5

155 655 197 722 iis,
211 655 317 732 quibus
341 655 510 732 promiseris,
526 654 650 714 inutilia:
671 673 724 712 nec
748 654 772 712 si
792 654 858 731 plue
877 653 929 712 tibi
949 673 984 712 ea
995 661 1124 721 noceant,

156 764 242 822 quam
256 743 296 801 illi
316 744 432 821 prosint,
448 745 493 802 oui
514 744 685 822 promiseris,
700 750 799 802 contra
819 744 943 802 officium
963 752 1015 812 eat,
1029 744 1125 821 majus

156 835 294 911 anteponi
307 834 415 892 minori.
457 834 507 901 Ut,
523 833 546 891 si
560 833 738 892 constitueris
759 832 882 912 cuipiam
902 841 931 891 te
951 833 1156 892 advocatumtl

155 924 185 981 in
206 943 266 982 rem
288 931 458 1002 praesentem
481 942 543 980 esse
568 932 731 990 venturum,
753 931 840 999 atque
864 921 976 980 interim
999 923 1124 1000 graviter

156 1020 295 1091 egrotare
318 1013 391 1070 filius
411 1013 538 1089 coeperit,
554 1031 611 1070 non
632 1013 670 1070 sit
690 1012 936 1078 contraofficium,
949 1011 1123 1078 nonfacere,

155 1102 234 1178 quod
256 1102 374 1169 dixeris;
395 1103 543 1180 magisque
564 1102 618 1169 ille,
640 1101 688 1160 cui
709 1101 880 1179 promissum
903 1100 949 1168 sit,
970 1101 1008 1158 ab
1032 1100 1125 1158 officio

156 1192 293 1259 discedat,
318 1193 341 1249 si
355 1211 395 1250 .se
420 1192 589 1250 destitutum
616 1199 761 1268 queratur.
801 1191 869 1250 Jam
895 1190 950 1248 illia
977 1189 1155 1268 promissis?
1207 1209 1215 1227 ·

156 1280 291 1338 standum
311 1300 368 1338 non
387 1299 458 1348 esse,
474 1281 537 1357 quis
558 1300 616 1339 non
633 1280 720 1348 videt,
734 1299 800 1358 quae
820 1288 936 1339 coactus
956 1280 1019 1358 quia
1032 1287 1122 1348 metu,

155 1389 221 1446 quae
251 1370 388 1448 deceptus
415 1370 482 1428 dolo
508 1369 689 1447 promiserit?
744 1371 816 1439 Qua
843 1369 960 1448 quidem
986 1369 1123 1448 pleraque

152 1459 217 1538 jure
232 1460 363 1537 praetorio
377 1459 538 1527 liberantur,
553 1460 689 1517 nonnulla
702 1459 825 1538 legibus.

195 1549 328 1607 Existunt
347 1549 433 1606 etiam
455 1568 534 1625 saepe
554 1549 662 1626 injurie
684 1548 826 1607 calumnia
839 1548 970 1626 quadam
990 1555 1021 1606 et
1039 1546 1155 1606 nimia8

157 1639 259 1697 callida
279 1639 331 1696 sed
350 1638 490 1696 malitiosa
516 1637 589 1716 juris
618 1638 858 1716 interpretatione.
898 1639 944 1694 Ex
964 1657 1021 1714 quo
1040 1637 1121 1705 illud,

155 1747 298 1786 summum
304 1729 365 1803 jac,
379 1748 489 1786 eamme
502 1729 618 1803 ajunt,
633 1729 743 1786 factum
756 1735 800 1785 est
811 1727 873 1805 jam
885 1728 985 1785 tritum
996 1745 1124 1786 sermone

156 1819 346 1897 proverbium.
389 1819 454 1888 Quo
474 1817 759 1898 ingenereetiamin
775 1817 934 1894 republica
947 1817 1039 1875 multa
1053 1821 1152 1894 pec-9
1205 1859 1211 1872 .

60 1978 64 1987 '
156 1916 270 1966 cantur:
291 1916 325 1966 ut
345 1907 401 1977 ille,
416 1908 473 1985 qui,
488 1927 554 1966 cum
577 1907 693 1984 triginta
710 1907 821 1965 dierum
839 1914 933 1964 essent
953 1926 1018 1965 cum
1038 1907 1123 1965 hoste

155 1998 272 2056 indutiae
287 1997 383 2064 factae‚
394 2005 482 2055 noctu
496 1995 689 2075 populabatur
708 2014 801 2076 agros
812 1997 889 2074 quod
903 1995 1014 2054 dierum
1027 2003 1124 2054 essent

155 2094 260 2165 pactae,
275 2107 332 2146 non
345 2087 470 2144 noctium
484 2087 611 2145 indutiae.
647 2087 693 2144 Ne
707 2094 804 2144 noster
816 2087 932 2164 quidem
945 2086 1119 2164 probandus,
1140 2091 1178 2145 10

155 2178 180 2235 si
193 2196 292 2234 verum
312 2184 365 2243 est,
380 2177 414 2246 Q.
436 2176 557 2234 Fabium
578 2177 740 2234 Labeonem
760 2195 812 2234 seu
831 2194 917 2252 quem
937 2177 1025 2232 alium
1038 2175 1121 2252 (nihil

156 2267 230 2324 enim
244 2265 337 2324 habeo
358 2273 465 2343 praeter
478 2264 620 2344 auditum)
636 2266 773 2324 arbitrum
787 2266 904 2323 Nolanis
917 2272 947 2323 et
960 2265 1125 2342 Neapolita·

155 2355 199 2414 nis
213 2355 250 2414 de
270 2355 371 2413 finibus
385 2374 402 2412 a
416 2363 517 2412 senatu
537 2356 648 2423 datum,
663 2373 729 2412 cum
748 2355 785 2413 ad
800 2353 895 2412 locum
915 2354 1045 2421 venisset,
1061 2373 1127 2411 cum

155 2446 283 2522 utrisque
297 2445 448 2521 separatim
467 2444 606 2512 locutum,
620 2464 656 2503 ne
671 2443 775 2521 cupide
796 2443 865 2520 quid
883 2450 1010 2520 agerent,
1024 2461 1061 2499 ne
1074 2460 1125 2520 ap-

156 2541 302 2613 petenter;
324 2542 411 2610 atque
424 2540 458 2591 ut
471 2535 593 2614 regredi,
605 2553 693 2612 quam
703 2532 838 2610 progredi
849 2532 973 2589 mallent.
1010 2530 1045 2588 Id
1060 2549 1126 2588 oum
1142 2536 1177 2590 11

156 2623 269 2700 utrique
301 2624 441 2691 fecissent,
463 2621 640 2700 aliquantum
667 2622 730 2700 agri
756 2622 785 2679 in
805 2621 900 2679 medio
920 2620 1051 2678 relictum
1071 2627 1123 2680 est.

157 2714 259 2790 Itoque
279 2713 390 2770 illorum
421 2713 490 2772 flues
517 2714 566 2781 sic,
587 2720 621 2771 ut
644 2713 698 2790 ipsi
729 2711 867 2778 dixerant,
889 2710 1066 2777 terminavit;
1097 2710 1126 2768 in

156 2803 250 2861 medio
278 2802 408 2861 relictum
437 2804 515 2880 quod
544 2810 615 2870 erat,
640 2802 750 2880 populo
781 2801 910 2860 Romano
941 2801 1125 2878 adjudicavit.

157 2893 297 2969 Decipere
317 2894 372 2954 hoc
393 2893 508 2970 quidem
530 2900 581 2960 est,
596 2911 653 2950 non
671 2892 807 2970 judicare.
850 2890 989 2962 Quocirca
1008 2889 1128 2948 inomni

157 3001 189 3040 re
202 2982 338 3060 fugienda
351 2990 396 3040 eat
409 2983 473 3040 talis
487 2981 620 3041 sollertia.

1165 3068 1276 3100 aw-

199 3159 250 3218 ΧΙ.
272 3159 346 3219 Sunt
365 3166 462 3218 autem
481 3160 617 3238 quaedam
633 3159 724 3218 officia
743 3161 829 3218 etiam
850 3159 1042 3219 adversus
1062 3178 1128 3218 eoa

159 3249 307 3316 servanda,
325 3251 505 3327 aquibus
526 3250 713 3328 injuriam
733 3252 944 3328 acceperis.
985 3251 1127 3310 Estcnim

158 3339 312 3398 ulciscendi
334 3328 362 3397 et
383 3339 518 3417 puniendi
538 3339 649 3398 modus.
705 3340 804 3418 Atque
825 3341 903 3398 haud
923 3341 981 3398 scio
1002 3360 1038 3397 an
1059 3341 1128 3398 satis

159 3429 204 3498 sit,
227 3449 302 3497 eum,
325 3430 374 3506 qui
394 3429 554 3496 lacessierit,
575 3429 684 3506 injuriae
705 3449 765 3487 suae
785 3432 940 3507 poenitere;
960 3438 994 3487 ut
1014 3437 1044 3487 et
1063 3430 1125 3505 ipse

159 3539 195 3577 ne
216 3520 284 3596 quid
305 3521 362 3577 tale
383 3519 513 3596 posthac,
535 3527 565 3576 et
585 3520 671 3576 ceteri
691 3520 747 3577 sint
766 3521 803 3577 ad
825 3521 957 3598 injuriam
977 3518 1125 3575 tardiores.

159 3609 260 3685 Atque
279 3608 308 3666 in
327 3628 358 3666 re
379 3608 494 3686 publica
515 3609 637 3666 maxime
658 3610 852 3667 conservanda
871 3615 938 3666 aunt
964 3608 1030 3685 jura
1050 3606 1159 3668 bellic

160 3697 237 3758 Nam
258 3717 324 3757 cum
344 3698 401 3758 sint
420 3697 479 3756 duo
499 3715 604 3776 genera
625 3697 799 3767 decertandi,
813 3717 903 3756 unum
923 3715 975 3777 per
988 3696 1129 3778 discepta-

642 3785 685 3845 2*
