2692 4292
104 296 161 350 106
518 305 556 346 ns
577 305 705 346 orrrons

149 437 198 516 jus
218 435 298 496 uirile
319 453 381 493 esse
401 435 559 492 voluerunt.
601 433 686 503 Quod
706 432 797 500 civile,
811 451 869 490 non
888 431 965 490 idem
984 430 1122 490 oontimno

120 532 138 586 6
152 527 295 604 gentium3
316 524 393 601 quod
408 537 502 581 autem
518 523 657 600 gentium,
669 522 745 580 idem
759 522 838 580 civile
852 542 917 580 esse
929 522 1024 580 debet.
1059 520 1121 578 Sed

152 635 204 672 nos
225 613 282 672 veri
304 613 375 691 juris
397 631 596 690 germaneque
616 612 734 688 justitia
758 611 879 669 solidam
901 618 932 669 et
954 629 1121 688 expressam

152 704 272 782 effigiem
287 704 394 760 nullam
409 711 554 768 tenemus;
576 702 679 758 umbrs
689 708 719 757 et
728 701 899 780 imaginibus
909 701 1026 758 utimur.
1061 697 1121 758 Em

150 794 227 871 ipsas
241 791 349 850 utinam
364 809 554 867 sequeremur.
597 791 741 848 Feruntur
753 790 827 848 enim
838 809 875 848 ex
885 789 999 867 optimis
1008 796 1120 846 natum

121 883 181 942 'let
192 882 317 938 veritatis
327 879 471 958 exemplis.
508 881 582 938 Nanr
594 880 693 956 quanti
704 881 791 938 rerba
803 879 938 947 ills,ur1
960 898 1008 936 nn
1030 897 1119 936 rso·

151 989 237 1028 rrnn
257 990 296 1027 ru
315 988 475 1028 rrnnuva
494 987 589 1027 nunu
610 987 748 1027 osnrns
766 987 1024 1028 rasunsrusvn
1041 967 1119 1025 sur!

151 1061 453 1130 Quamilluaurea‚ur
472 1077 578 1116 rurus
596 1078 711 1117 nouos
729 1078 823 1117 sunu
836 1078 947 1117 surra
962 1076 1120 1116 oronrnn

152 1169 194 1206 nr
215 1169 307 1207 sinn
333 1148 627 1206 rnsnnsrroun!
661 1147 1067 1224 Sod‚qnisintboni,etquid
1081 1146 1120 1204 sit

119 1245 137 1297 Β
153 1241 223 1296 bene
237 1239 292 1316 agi,
307 1255 411 1315 magna
425 1238 545 1314 quaestio
559 1245 611 1296 est.
653 1239 687 1306 Q.
707 1238 822 1314 quidem
836 1238 976 1303 Scaevola,
991 1236 1120 1312 pontifex

150 1328 299 1394 maximus,
315 1345 454 1384 summam
470 1327 527 1384 vim
540 1347 602 1385 esse
616 1327 731 1385 dicebat
749 1328 778 1385 in
797 1328 927 1385 omnibus
941 1327 974 1384 iis
987 1325 1117 1392 arbitriis,

150 1417 291 1493 inquibus
305 1417 460 1474 adderetur
480 1435 521 1474 rx
543 1435 629 1474 rins
651 1435 763 1475 sons:
783 1417 906 1492 fideique
917 1418 999 1474 bonae
1014 1433 1119 1472 nomen

151 1506 330 1568 existimabat
350 1524 463 1563 manare
484 1505 627 1572 latissime,
642 1507 729 1581 idque
749 1506 854 1563 versari
867 1506 895 1562 in
908 1505 1014 1571 tutelis,
1029 1504 1117 1561 socie·

151 1595 266 1662 tatibus,
281 1595 399 1662 fiduciis,
415 1595 563 1661 mandatis,
578 1597 664 1652 rebus
684 1596 797 1672 emptis,
812 1595 942 1660 venditis,
956 1592 1116 1660 conductis,

150 1683 257 1751 locatis,
272 1685 374 1760 quibus
389 1684 455 1742 vitae
471 1685 590 1742 societas
605 1684 812 1742 contineretur:
832 1685 861 1742 in
881 1685 925 1742 his
945 1683 1041 1760 magni
1054 1701 1118 1740 esse

148 1772 251 1849 judicis
265 1781 389 1830 statuere
404 1771 575 1850 (praesertim
589 1793 654 1830 oum
676 1775 705 1830 in
728 1774 872 1850 plerisque
891 1779 987 1832 essent
1005 1771 1116 1848 judioia

118 1861 301 1938 toontrsria)
315 1862 383 1938 quid
397 1881 539 1938 quemque
560 1863 662 1940 cuique
683 1871 822 1939 praestare
842 1869 995 1939 oporteret
1037 1861 1116 1928 Quo

150 1951 223 2008 oiroa
246 1950 358 2008 astutiae
383 1950 517 2006 tollendae
540 1959 615 2019 sunt,
639 1971 730 2028 euque
753 1953 867 2017 malitia,
888 1970 956 2028 qnae
975 1953 1040 2008 vult
1067 1951 1118 2008 illa

150 2039 265 2116 quidem
279 2039 376 2104 rideri,
386 2057 416 2096 so
430 2057 491 2096 esse
506 2040 696 2116 prudentiam,
708 2042 759 2099 sed
772 2043 856 2099 abest
869 2042 906 2099 ab
920 2060 956 2098 ea
969 2041 1116 2119 distatque

99 2133 136 2188 10
152 2128 312 2205 plurimum.
354 2127 510 2186 Prudentia
520 2136 564 2187 est
578 2130 652 2188 enim
665 2131 759 2188 looota
772 2131 800 2188 in
810 2131 924 2188 delectu
934 2132 1074 2188 bonorum
1084 2137 1114 2188 et

150 2218 304 2275 malorum:
325 2217 440 2284 malitia,
462 2217 485 2274 si
513 2219 615 2286 omnin,
637 2240 703 2296 quae
724 2222 821 2297 turpia
843 2227 918 2286 sunt,
940 2221 1016 2276 mala
1040 2226 1116 2287 sunt,

100 2311 135 2364 11
152 2305 227 2363 mala
240 2305 320 2364 bonis
334 2307 414 2384 ponit
427 2314 501 2366 ante.
544 2308 605 2366 Neo
616 2327 684 2366 vero
698 2310 726 2366 in
740 2309 854 2386 praediis
864 2309 956 2367 solum
973 2311 1023 2386 jus
1036 2310 1117 2367 oivile

150 2396 269 2454 ductum
284 2413 301 2452 a
314 2405 415 2454 natura
428 2397 564 2454 malitium
574 2398 762 2475 fraudemque
773 2399 913 2465 vindieat3
927 2399 979 2456 sed
991 2399 1077 2456 etiam
1087 2399 1118 2456 in

149 2485 354 2562 mancipiorum
374 2486 535 2544 venditione
555 2487 709 2544 venditoris
735 2487 927 2546 iraus'omnis
947 2488 1116 2546 excluditur.

104 2580 139 2632 12
155 2573 210 2642 Qui
231 2575 303 2632 enim
325 2575 395 2632 seire
409 2575 517 2641 debuit,
532 2576 568 2633 de
583 2577 711 2644 sanitate,
727 2577 764 2634 de
785 2578 863 2656 fuga,
879 2578 916 2635 de
937 2578 1029 2644 furtis,
1044 2597 1117 2654 prae·

100 2669 136 2720 13
152 2671 208 2720 stat
218 2663 311 2721 edioto
322 2664 455 2722 aedilium.
498 2665 644 2723 Heredum
660 2666 715 2723 alia
725 2675 871 2724 causaest.
912 2668 957 2724 Ex
967 2686 1025 2743 quo
1035 2667 1116 2725 intel-

151 2752 255 2829 ligitur,
270 2754 403 2828 quoniam
426 2754 497 2831 juris
519 2757 706 2814 naturanons
726 2757 841 2823 sithoc
855 2757 1014 2814 seeundum
1034 2765 1117 2814 natu-

151 2859 211 2896 ram
226 2859 295 2906 esse,
306 2842 443 2900 neminem
458 2844 486 2900 id
500 2863 594 2921 agere,
610 2853 643 2902 ut
657 2866 692 2902 ex
706 2847 823 2902 alterius
837 2845 983 2922 prandetur
996 2846 1114 2904 inscitia.

101 2934 137 2987 14
153 2930 214 2986 Neo
236 2930 293 2986 ulla
316 2931 450 3005 pernicies
465 2934 529 2989 vitre
551 2936 641 3010 major
661 2936 777 2992 inveniri
791 2943 895 3011 potest,
910 2954 997 3012 qnam
1011 2936 1041 2992 in
1054 2955 1114 2994 ma·
1202 3003 1207 3010 .

152 3018 209 3075 litia
231 3017 371 3074 simulatio
395 3020 604 3098 intelligentius:
627 3043 662 3082 ex
686 3043 744 3102 quo
766 3025 820 3081 ists
841 3024 1116 3082 innumerabilium-

153 3114 279 3168 sountur‚
294 3114 326 3161 ut
341 3107 419 3163 utilia
433 3129 496 3166 eum
519 3112 643 3170 honestis
665 3131 793 3192 pugnare
807 3113 965 3172 videantur.
1007 3115 1118 3182 Quotus

156 3196 232 3252 enim
245 3195 363 3271 quisque
384 3199 547 3273 reperietur,
564 3203 619 3277 qui,
634 3204 802 3280 impunitate
822 3211 853 3260 et
871 3203 1045 3281 ignoratione
1058 3223 1118 3261 om·

152 3286 230 3343 nium
244 3284 398 3362 proposita,
414 3287 553 3346 abstinere
569 3292 656 3367 possit
670 3293 794 3369 injrnis‘?

195 3466 307 3525 XVIII.
330 3466 534 3534 Periclitemur,
550 3468 571 3524 si
594 3468 697 3544 placet,
712 3471 740 3528 in
754 3472 787 3529 iis
801 3472 914 3548 quidem
930 3472 1075 3549 exemplis,
1090 3471 1119 3529 in

123 3561 140 3612 2
155 3556 256 3632 quibus
271 3557 382 3631 peccari
396 3559 500 3635 vulgus
514 3558 659 3616 hominum
674 3560 793 3617 fortasse
807 3581 863 3618 non
885 3569 976 3637 putet.
1018 3563 1120 3637 Neque

153 3643 228 3700 enim
242 3644 279 3701 de
292 3645 405 3713 sicariis,
422 3649 559 3714 veneficis,
575 3649 801 3716 testamentariis,
816 3650 934 3717 furibus,
950 3650 1117 3726 peculatori-
