2692 4292
158 293 197 348 02
577 309 615 350 na
630 309 759 348 omens

210 435 299 496 mines
321 435 475 514 plurimum
497 435 658 496 hominibus
676 443 707 496 et
726 437 836 514 prosint
850 441 881 496 et
894 434 1005 494 obsint:
1027 434 1181 512 proprium

211 526 265 584 hoc
279 533 374 584 statuo
387 545 449 584 esse
463 526 628 584 virtutis
647 527 794 585 conciliare
811 526 922 584 animos
935 525 1080 582 hominum
1093 523 1181 582 etad

178 617 195 670 d
211 633 279 672 usus
299 634 366 672 suos
386 615 551 692 adjungere.
595 616 707 692 Itaque,
721 597 831 691 qure'in
848 615 935 672 rebus
946 614 1082 679 inanimis,
1096 631 1180 689 qum·

210 721 266 779 qne
280 703 308 760 in
322 723 377 760 usn
387 711 417 762 et
430 703 596 762 tractatione
611 703 760 762 beluarum
773 704 846 762 liunt
857 703 964 762 utiliter
977 702 1016 760 ad
1028 702 1180 760 hominum

211 792 308 858 vitam,
323 793 431 852 artibus
452 811 486 850 ea
504 793 667 852 tribuuntur
680 792 807 869 operosis
815 811 823 859 ς
843 793 991 850 hominum
1004 798 1101 848 autern
1113 797 1180 848 stu-

210 881 256 940 dia
269 881 308 940 ed
321 882 566 960 amplificationem
583 889 743 940 nostrarum
761 899 857 940 rernm
870 889 1004 958 prompta
1017 898 1051 938 ac
1065 887 1178 956 parata,

178 969 195 1030 'l
211 971 333 1030 virorum
347 971 543 1048 prestantium
556 970 695 1047 sapientia
707 979 738 1028 et
749 972 853 1030 virtute
866 971 1033 1029 excitantur.
1059 969 1179 1026 Etenim

210 1061 299 1120 virtus
320 1061 411 1118 omnis
432 1060 523 1119 tribus
544 1060 573 1118 in
593 1060 678 1119 rebus
696 1061 756 1118 lere
770 1060 905 1118 vertitur:
925 1078 1047 1136 qmrnm
1059 1077 1117 1116 una
1129 1064 1180 1116 est

209 1149 237 1206 in
260 1149 462 1226 perspiciendo,
477 1148 546 1225 qnid
567 1148 595 1206 in
608 1168 722 1226 quaque
742 1168 774 1206 re
795 1168 894 1208 verum
912 1149 1107 1224 sincerumque
1127 1147 1177 1214 sit,

209 1237 277 1313 qnid
291 1244 510 1296 consentaneum
524 1238 633 1313 cuique,
647 1238 717 1314 quid
730 1257 915 1315 consequens,
928 1255 966 1296 ex
978 1256 1036 1314 quo
1048 1237 1178 1313 quidque

177 1332 195 1384 8
209 1327 352 1404 gignatur,
366 1345 432 1402 qum
447 1326 585 1402 cujusque
599 1327 639 1384 rei
652 1346 739 1384 cama
751 1326 805 1393 sit;
825 1328 955 1395 alterum,
967 1327 1098 1386 cohibere
1112 1345 1177 1384 mo·

211 1423 256 1474 tus
277 1415 360 1474 animi
380 1415 517 1482 turbatos,
538 1434 609 1492 quos
631 1417 729 1476 Graeci
747 1417 825 1484 «to»,
845 1418 1000 1484 nominant,
1023 1416 1177 1492 appetitio·

210 1524 325 1582 nosque,
343 1523 415 1582 quas
432 1505 471 1564 illi
491 1505 581 1582 δςμὰς,
595 1505 760 1564 obedientes
780 1507 891 1564 efficere
909 1506 1028 1572 rationi;
1048 1505 1176 1572 tertium,

209 1595 250 1662 iis,
265 1596 435 1672 quibuscum
455 1614 669 1674 congregamur,
685 1596 727 1652 uti
746 1596 892 1654 moderate
911 1603 942 1652 et
961 1596 1088 1660 scienter,
1101 1613 1177 1672 quo-

209 1704 273 1742 rum
296 1685 395 1742 studiis
417 1703 459 1752 ea,
478 1703 542 1761 quse
561 1693 662 1742 natura
678 1685 829 1752 desiderat,
844 1686 959 1762 expleta
972 1685 1177 1760 cumulataque

210 1774 375 1840 habeamus,
392 1793 443 1850 per
462 1773 643 1850 eosdemque,
658 1774 682 1832 si
697 1774 767 1851 quid
786 1775 957 1852 importetur
972 1774 1053 1832 nobis
1066 1773 1176 1832 incom-

210 1862 295 1928 modi,
311 1862 517 1939 propulsemus,
533 1863 757 1939 ulciscamurque
771 1883 828 1930 eos,
843 1863 892 1940 qui
911 1881 1013 1920 nocere
1030 1863 1111 1922 nobis
1125 1883 1176 1922 oo·

210 1951 268 2008 nati
288 1957 363 2017 sunt,
385 1957 519 2026 tantaque
540 1971 627 2028 poena
646 1953 809 2020 afficiamus,
823 1961 960 2030 quantum
979 1953 1098 2030 aequitas
1118 1953 1175 2010 hu·

210 2039 386 2116 munitaeque
400 2039 515 2117 patitur.

249 2217 302 2276 VI.
318 2217 426 2287 Quibus
437 2225 533 2278 nutem
547 2219 703 2278 rationibus
715 2220 789 2278 hanc
802 2220 969 2279 facultatem
981 2221 1094 2298 assequi
1106 2239 1173 2298 pos·

210 2306 306 2374 sinus,
317 2315 350 2366 ut
363 2308 509 2366 hominum
523 2309 617 2366 studia
628 2309 852 2385 complectamur
861 2329 952 2386 eaque
965 2318 1121 2378 teneamus,
1130 2311 1173 2368 di·

211 2416 315 2464 cemus,
330 2415 421 2474 neque
435 2397 474 2456 ita
487 2398 578 2456 multo
592 2406 673 2475 post:
695 2398 746 2456 sed
767 2417 860 2475 peuce
879 2407 945 2456 ante
962 2399 1084 2458 dicenda
1096 2405 1171 2459 sunt

178 2491 195 2544 2
211 2487 344 2566 Magnam
357 2488 413 2546 vim
427 2507 489 2546 esse
503 2488 531 2546 in
551 2488 714 2546 fortuna
730 2488 759 2544 in
772 2495 922 2564 utramque
936 2496 1054 2564 partem,
1069 2490 1114 2546 vel
1127 2507 1172 2547 se·

178 2581 195 2632 3
210 2576 317 2634 cundas
328 2578 365 2635 ed
378 2595 432 2642 res,
444 2577 489 2634 vel
502 2577 645 2643 adversas,
656 2576 720 2652 quis
732 2575 867 2653 ignorat?
895 2577 971 2634 Num
984 2584 1014 2634 et
1027 2596 1094 2634 cum
1107 2597 1172 2655 pro·

210 2683 293 2741 spero
315 2665 385 2723 fletu
406 2666 468 2742 ejus
489 2666 601 2736 utimur,
617 2665 654 2723 ad
675 2665 768 2722 exitus
789 2665 970 2741 pervehimur
989 2673 1121 2742 optatos;
1135 2673 1173 2744 et

177 2756 196 2810 4
212 2773 276 2810 cum
290 2753 408 2820 reflavit,
420 2754 577 2830 affligimur.
614 2753 685 2811 Haec
698 2754 787 2832 igitur
799 2754 862 2831 ipsa
874 2755 989 2812 fortuna
1002 2762 1112 2812 ceteros
1125 2775 1172 2813 ca-

210 2859 260 2898 sus
277 2841 395 2898 rariores
415 2842 511 2908 habet,
526 2843 649 2920 primum
663 2844 701 2900 ab
713 2843 841 2900 inanimis
854 2844 1002 2919 procellas,
1017 2851 1171 2921 tempesta·

210 2935 263 2995 tes,
277 2929 432 3007 naufragia,
446 2932 549 2998 ruinas,
564 2931 711 2995 incendia:
732 2931 836 2990 deinde
855 2950 873 2989 a
891 2933 987 2991 bestiis
1000 2933 1082 3000 ictus,
1096 2953 1171 2992 mor-

178 3025 196 3077 5
212 3037 268 3082 sus,
283 3017 414 3094 impetus.
457 3020 529 3076 Haeo
544 3039 622 3098 ergo,
634 3028 667 3078 ut
680 3020 746 3086 dixi,
760 3021 873 3078 rariora.
908 3021 951 3078 At
963 3041 1030 3078 vero
1042 3022 1173 3081 interitus

210 3107 394 3175 exercituum,
405 3115 437 3165 ut
451 3109 576 3186 proxime
591 3110 686 3175 trium,
701 3129 781 3186 saepe
794 3111 958 3178 multorum,
972 3111 1069 3170 clades
1082 3110 1172 3189 impe-

210 3203 344 3262 retorum,
367 3205 400 3254 ut
421 3216 512 3274 nuper
535 3199 637 3256 summi
659 3207 689 3256 et
710 3199 858 3276 singularia
879 3200 938 3266 viri,
962 3199 1073 3258 invidiae
1097 3219 1173 3277 pree·

210 3291 288 3342 tersa
298 3285 491 3352 multitudinis,
502 3293 588 3362 atque
599 3287 636 3344 ob
650 3305 699 3344 eas
712 3288 784 3344 bene
798 3288 962 3346 meritorum
976 3307 1055 3365 saepe
1069 3289 1174 3346 civium

211 3374 396 3451 expulsiones,
411 3373 592 3440 calamitates,
607 3375 705 3452 lugam
725 3395 879 3452 rursusque
901 3377 1034 3434 secundae
1051 3396 1106 3445 res,
1120 3378 1173 3435 ho·

210 3481 301 3530 nores,
316 3463 440 3540 imperia,
454 3461 585 3529 victoriae,
598 3481 771 3540 quamquem
783 3465 901 3523 fortuita
914 3473 989 3532 sunt,
1004 3474 1101 3524 tamen
1113 3466 1174 3526 sine

210 3553 356 3612 hominum
377 3553 479 3632 opibus
502 3559 532 3611 et
552 3551 654 3612 studiis
678 3560 809 3613 nentrum
829 3554 858 3612 in
881 3561 994 3632 partem
1013 3555 1086 3614 effici
1107 3573 1174 3636 pos·

210 3647 285 3702 sunt
